2309 3684
50 158 51 245 Ϊ
151 177 232 237 XIV·
248 173 308 256 44]
501 176 688 239 amarer:
787 148 797 153 ''
884 148 888 157 ’

106 318 114 327 '
150 340 196 382 me
215 332 348 382 constare
367 319 441 383 mihi
461 320 518 382 scis
538 332 568 382 et
588 321 741 381 discedere
760 316 873 378 tristem

49 406 50 411 ¹
150 418 394 493 quandocumque
414 419 537 479 trahunt
552 416 646 476 invisa
665 405 785 495 negotia
804 418 943 474 Romam.

49 578 50 589 χ
150 514 217 572 Non
235 514 341 573 eadem
361 511 516 574 miramur:
541 530 578 573 eo
598 510 782 572 disconvenit
801 510 877 571 inter

50 604 51 615 ’
149 627 253 685 meque
270 620 300 669 et
318 619 355 669 te.
399 611 478 668 Nam
497 627 573 685 quae
591 609 706 669 deserta
724 618 755 667 et
771 607 919 684 inhospita
928 593 1036 689 tesqua

149 705 249 780 credis,
271 724 398 765 amoena
417 714 503 766 vorat
524 710 642 764 mecum
664 703 714 780 qui
735 702 832 775 sentit,
853 714 883 762 et
903 701 967 762 odit
998 722 1035 759 20

49 792 63 885 ἵ(
149 809 221 907 quae
239 812 272 861 tu
291 803 415 878 pulchra
434 812 529 878 putas
550 799 682 870 lFornix
702 798 755 859 tibi
772 809 802 857 et
820 808 909 857 uncta
925 795 1036 874 popina

48 886 111 950 ib
104 916 125 949 r
132 886 279 956 incutiuu
300 897 391 957 urbis
411 896 608 970 desiderium,
619 896 716 967 video,
737 905 768 955 et
774 894 942 971 quodf

48 1066 49 1075 χ
149 1012 223 1070 angu
235 1013 269 1053 us
289 993 356 1055 iste
364 996 437 1054 feret
456 994 542 1071 piper
561 1003 592 1053 et
611 1004 659 1053 tus
679 991 762 1059 ocius
783 1010 848 1063 uva,

48 1092 49 1105 *
148 1107 204 1149 nec
221 1087 319 1149 vicina
338 1091 439 1153 subest
458 1089 559 1149 vinum
579 1091 721 1167 praebere
741 1088 863 1148 taberna

47 1196 50 1241 s
149 1203 223 1260 quae
242 1184 335 1262 possit
355 1185 416 1259 tibi,
439 1205 495 1275 nec
512 1182 651 1246 ‘meretrix
670 1183 814 1267 tibicina,
820 1182 903 1242 cuius
998 1197 1034 1256 ²5

47 1276 48 1319 ἶ
148 1279 187 1338 ad
206 1279 359 1357 strepitum
380 1280 465 1340 salias
485 1293 577 1342 terrae
597 1281 709 1365 gravis:
730 1291 759 1342 et
779 1290 879 1340 tamen
898 1297 1004 1371 urgues

46 1424 49 1435 i
148 1375 340 1453 iampridem
361 1397 422 1438 non
442 1388 520 1441 tacta
539 1378 686 1455 ligonibus
706 1396 774 1436 arva
794 1377 960 1453 bovemque

148 1469 324 1531 disiunctum
344 1491 428 1532 curas
449 1483 478 1533 et
498 1473 604 1533 strictis
624 1473 777 1534 frondibus
797 1474 914 1550 exples:

45 1644 46 1655 ἵ
147 1569 230 1630 addit
249 1589 325 1647 opus
344 1544 427 1647 pigro
447 1570 534 1645 rivus,
555 1569 580 1630 si
600 1570 712 1631 decidit
731 1571 842 1647 imber(

148 1666 251 1725 multa
248 1664 349 1765 inple
357 1667 511 1726 docendus
531 1665 631 1749 aprico
650 1685 768 1749 parcere
787 1655 899 1743 pratel
998 1683 1035 1739 30

148 1764 237 1821 Nunc
257 1780 319 1840 age,
342 1762 415 1839 quid
434 1773 567 1823 nostrum
588 1756 766 1823 concentum
786 1762 899 1823 dividat
918 1761 994 1822 audi.

41 1912 42 1929 2
148 1857 246 1933 Quem
266 1847 369 1918 tenues
386 1858 514 1935 decuere
533 1869 620 1938 togae
640 1850 786 1935 nitidique
806 1850 911 1949 capilli,

40 1984 41 1999 ι
148 1952 237 2029 queni
257 1952 313 2013 scis
333 1953 486 2041 inmunem
505 1955 633 2017 Cinarae
652 1955 797 2032 placuisse
815 1952 923 2052 rapaci,

148 2066 238 2135 quem
258 2047 391 2108 bibulum
400 2046 515 2138 *liquidi
534 2051 634 2145 media
652 2052 692 2111 de
709 2053 778 2111 luce
799 2037 924 2124 Falerni,

33 2132 37 2141 ’
77 2171 81 2180 ·
144 2148 224 2206 cena
233 2144 354 2206 brevis
345 2156 426 2205 iuvat
439 2157 469 2207 et
482 2167 576 2224 prope
589 2147 683 2207 rivum
697 2166 819 2209 somnus
831 2147 863 2207 in
877 2148 974 2208 herba
998 2166 1014 2223 3
1018 2164 1034 2224 5

147 2244 215 2302 Nec
245 2226 338 2301 usisse
354 2243 457 2319 pudet,
480 2245 533 2304 sed
553 2263 615 2304 non
635 2244 764 2306 incidere
783 2247 896 2306 ludum.

146 2340 220 2399 Non
237 2336 344 2397 istico
325 2338 446 2416 oliquo
467 2341 554 2400 oculo
575 2358 643 2409 mea
662 2342 819 2401 commoda
839 2340 994 2417 quisquam

33 2472 34 2475 κ
145 2433 239 2507 limat,
260 2451 322 2492 non
342 2433 418 2494 odio
434 2436 560 2500 obscuro
581 2453 739 2512 morsuque
757 2446 902 2537 venenat.

32 2521 35 2529 ’
145 2529 246 2590 rident
264 2528 352 2590 vicini
371 2531 490 2606 glaebas
511 2540 542 2589 et
561 2549 631 2590 saxa
650 2542 829 2590 moventem

146 2628 261 2687 Cums
247 2626 336 2686 servis
356 2628 469 2687 urbana
489 2625 582 2709 diaria
600 2627 705 2687 rodere
724 2627 838 2687 mavis·
828 2672 838 2702 ,
998 2645 1037 2698 40

32 2757 36 2771 »
145 2723 255 2782 horum
274 2732 307 2782 tu
326 2721 358 2782 in
377 2742 533 2783 numerum
553 2736 626 2784 voto
679 2694 722 2785 is.
743 2724 856 2786 invidet
875 2743 961 2784 usum

145 2815 293 2893 lignorum
313 2827 344 2877 et
364 2817 480 2894 pecoris
500 2817 554 2878 tibi
574 2821 639 2879 calo
659 2830 778 2896 argutus
800 2831 830 2881 et
850 2820 936 2880 horti

146 2913 243 2989 Optat
261 2912 401 2989 ephippia
420 2913 484 2985 bos,
505 2912 588 2991 piger
607 2924 691 2991 optat
711 2933 792 2975 arare
812 2915 950 2974 caballus

146 3008 248 3083 Quam
268 3007 323 3068 scit
341 3019 474 3085 uterque,
495 3008 600 3083 libens,
622 3011 761 3083 censebo
781 3020 916 3071 exerceat
936 3019 1037 3069 artem.

197 3147 236 3199 19.
271 3136 489 3200 tesquaoBKM:
511 3137 616 3188 tescaO.
661 3153 700 3203 23·
734 3126 811 3187 tuso!
821 3138 917 3190 BKM-
937 3137 1038 3188 thuro.

145 3229 189 3280 39.
220 3216 318 3279 glaebas
338 3217 409 3267 KM:
428 3217 510 3282 glebas
531 3216 557 3268 ω’
579 3219 633 3270 ΒΟ.
707 3234 748 3281 4ο.
781 3217 865 3267 diaria
887 3216 928 3268 nl:
949 3217 1041 3266 cibam

144 3298 258 3349 Mavort-
