2309 3684
115 194 154 268 36
234 190 362 253 HORA
367 193 419 252 TI
430 192 768 253 EPISTULARUM
784 189 916 273 [XVIII.
931 212 1011 252 ao-

116 334 304 400 Brundisium
325 316 567 400 Minuci‘hrelius
586 337 636 399 via
654 340 746 400 ducat
764 357 804 398 an
825 338 914 417 Appi
972 359 1011 398 20

115 438 214 512 Quem
234 438 380 498 damnosa
398 440 511 509 Venus,
533 456 623 514 quem
645 455 788 513 praeceps
808 439 874 496 alea
894 437 996 507 nudat,

113 531 205 610 gloria
227 552 316 610 quem
337 553 428 611 supra
447 532 531 595 vires
545 545 575 594 et
593 533 682 594 vestit
702 544 733 594 et
752 532 865 610 unguit,

114 651 205 709 quem
225 642 307 692 tenet
303 620 455 740 argenti
460 609 522 692 sitis
542 630 713 708 importuna
731 632 892 709 famesque,
987 660 993 667 ¹

113 750 204 808 quem
224 714 407 808 paupertatis
426 706 524 806 pudor
543 739 573 789 et
592 731 670 806 suga,
691 727 774 790 dives
793 729 915 801 amicus,

114 845 204 904 saepe
191 814 330 886 decem
348 825 427 885 vitiis
447 824 623 898 instructior,
644 825 709 886 odit
729 836 759 887 et
779 827 886 900 horret,
972 841 1010 899 25

114 936 174 997 aut,
196 923 302 984 sinon
323 923 396 996 odit,
417 922 491 1000 regit
509 941 547 983 ac
566 912 664 983 veluti
679 903 730 1001 pia
749 935 844 983 mater

114 1023 291 1127 plusquam
311 1039 344 1080 se
365 1024 520 1097 saperfet
538 1018 695 1080 virtutibus
715 1039 781 1080 esse
801 1019 929 1097 priorem

114 1119 177 1177 volt
197 1128 227 1176 et
244 1094 288 1176 ait
308 1112 405 1193 ριὸρε
424 1104 510 1179 verda
536 1121 637 1178 ‘meae
659 1116 852 1197 (contendere
873 1116 947 1194 noli)

115 1212 267 1275 stultitiam
288 1213 440 1290 patiuntur
459 1233 550 1323 ορει.
573 1213 629 1274 tibi
648 1217 771 1292 parvola
789 1235 835 1275 res
856 1226 968 1276 est.

115 1313 189 1372 Arta
207 1308 420 1391 decetnsanum
441 1297 582 1371 coniitem
603 1323 687 1389 toga:
709 1311 812 1393 desine
832 1330 949 1372 mecum
973 1330 1012 1388 30

115 1396 461 1487 certare'fEutrapelus
481 1407 661 1486 cuicumque
681 1428 790 1470 nocere
809 1410 937 1481 volebat,

115 1503 291 1566 vestimenta
310 1504 401 1564 dabat
421 1503 568 1581 pretiosa:
592 1508 714 1566 ‘beatus
734 1505 815 1565 enim
834 1504 893 1565 iam
931 1527 973 1556 s

116 1620 185 1660 cum
204 1599 334 1678 pulchris
353 1594 466 1661 tunicis*
481 1576 579 1662 sdm'e‘t
598 1580 678 1662 odvia
697 1582 821 1663 consilia
840 1611 872 1663 et
892 1619 969 1679 spes,

116 1698 243 1759 dormiet
263 1699 295 1777 in
314 1701 420 1773 lucem,
442 1711 541 1760 scorto
560 1712 724 1778 postponet
743 1701 903 1787 honestum

116 1794 255 1870 officium,
277 1814 415 1856 nummos
434 1796 549 1857 alienos
569 1809 680 1875 pascet,
702 1797 770 1858 ad
761 1817 854 1858 unum
973 1814 1011 1876 35

116 1892 235 1952 Thraex
255 1890 320 1951 erit'
328 1902 380 1951 aut
400 1891 533 1953 holitoris
553 1905 622 1971 aget
641 1895 779 2002 mercede
798 1897 964 1958 caballum)

116 1990 268 2047 Arcanum
287 2007 386 2064 neque
405 1999 439 2049 tu
459 1990 635 2051 scrutaberis
647 1966 732 2051 illius
751 2010 904 2102 umquam,

116 2085 368 2162 commissumque
388 2097 470 2164 teges
490 2099 520 2148 et
540 2087 611 2149 vino
631 2100 726 2149 tortus
747 2101 777 2150 ει
796 2089 845 2151 ira.

116 2183 184 2242 Nec
203 2193 256 2243 tua
275 2182 410 2243 laudabis
430 2183 528 2251 studit.
546 2185 599 2249 hut
611 2186 716 2267 aliena
735 2188 905 2264 reprendes,

116 2298 183 2356 nec,
204 2299 274 2340 cum
293 2278 394 2341 venari
414 2284 494 2343 volet
513 2282 572 2354 ille,
594 2272 734 2360 poemata
754 2303 875 2393 panges.
974 2306 1014 2358 40

117 2375 219 2439 Gratia
238 2375 282 2435 sic
300 2378 420 2437 fratrum
440 2377 626 2455 geminorum
645 2362 823 2458 Amphidnis
844 2392 934 2459 atque

116 2475 202 2538 Zethi
222 2474 356 2548 dissiluit,
372 2476 476 2536 donec
489 2488 628 2554 suspecta
647 2488 750 2539 severo
792 2481 796 2488 '

115 2572 261 2636 conticuit
279 2574 383 2660 lyra
391 2573 538 2633 Fratemis
559 2572 683 2633 cessisse
702 2586 822 2668 putatur

116 2671 249 2732 moribus
269 2667 438 2745 Amphion:
463 2680 496 2729 tu
516 2666 592 2751 cede
611 2672 742 2748 potentis
762 2670 851 2733 amici

117 2767 263 2830 lenibus
255 2765 393 2843 tmperiis,
414 2765 612 2844 quotiensque
632 2767 769 2828 educet
761 2788 792 2827 ιιι
812 2787 898 2846 agros
974 2787 1014 2844 45

117 2865 233 2927 Aetolis
251 2874 372 2925 onerata
392 2863 486 2941 plagis
506 2863 638 2924 iumenta
657 2884 813 2942 canesque,

118 2986 203 3045 surge
223 2976 254 3025 et
272 2962 453 3022 inhumanae
474 2961 589 3022 senium
610 2963 730 3040 depone
751 2965 911 3037 Camenae,

167 3165 206 3231 36.
245 3166 459 3216 Thraexs'KM:
486 3163 661 3216 ruraxuoz
682 3164 805 3215 strch
872 3175 911 3225 37.
945 3161 1015 3211 ulus

117 3246 144 3309 *s
165 3248 284 3298 BOKM:
306 3249 384 3298 ullius
405 3245 479 3313 aW.
544 3246 586 3313 46.
619 3249 712 3298 Aetolis
733 3245 759 3297 ω’
781 3247 899 3298 BOKM:
922 3247 1017 3296 Aeoliis

120 3329 200 3380 Mein.
