<?xml version="1.0" encoding="UTF-8"?>
<!DOCTYPE html PUBLIC "-//W3C//DTD XHTML 1.0 Transitional//EN"
    "http://www.w3.org/TR/xhtml1/DTD/xhtml1-transitional.dtd">
<html xmlns="http://www.w3.org/1999/xhtml" xml:lang="en" lang="en">
 <head>
  <title>
</title>
<meta http-equiv="Content-Type" content="text/html;charset=utf-8" />
  <meta name='ocr-system' content='tesseract 3.04.00' />
  <meta name='ocr-capabilities' content='ocr_page ocr_carea ocr_par ocr_line ocrx_word'/>
</head>
<body>
  <div class='ocr_page' id='page_1' title='image "./epistleshorace00wilkgoog_0084.png"; bbox 0 0 2309 3684; ppageno 0'>
   <div class='ocr_carea' id='block_1_1' title="bbox 76 152 1004 253">
    <p class='ocr_par' dir='ltr' id='par_1_1' title="bbox 76 152 1004 253">
     <span class='ocr_line' id='line_1_1' title="bbox 76 152 1004 253; baseline 0 -22"><span class='ocrx_word' id='word_1_1' title='bbox 76 152 144 242; x_wconf 77' lang='lat'>‘44</span> <span class='ocrx_word' id='word_1_2' title='bbox 284 170 468 231; x_wconf 68' lang='lat' dir='ltr'>Horam</span> <span class='ocrx_word' id='word_1_3' title='bbox 486 171 822 233; x_wconf 69' lang='lat' dir='ltr'><em>EPISTULARUM</em></span> <span class='ocrx_word' id='word_1_4' title='bbox 868 169 906 253; x_wconf 89' lang='lat'>[1.</span> <span class='ocrx_word' id='word_1_5' title='bbox 926 177 1004 232; x_wconf 87' lang='lat'>18-</span> 
     </span>
    </p>
   </div>
   <div class='ocr_carea' id='block_1_2' title="bbox 80 316 1093 3110">
    <p class='ocr_par' dir='ltr' id='par_1_2' title="bbox 103 316 1093 780">
     <span class='ocr_line' id='line_1_2' title="bbox 103 316 914 395; baseline 0.005 -19"><span class='ocrx_word' id='word_1_6' title='bbox 103 317 163 377; x_wconf 90' lang='lat' dir='ltr'>Sed</span> <span class='ocrx_word' id='word_1_7' title='bbox 183 325 251 376; x_wconf 90' lang='lat' dir='ltr'>tuus</span> <span class='ocrx_word' id='word_1_8' title='bbox 270 316 319 377; x_wconf 89' lang='lat' dir='ltr'>hic</span> <span class='ocrx_word' id='word_1_9' title='bbox 339 317 476 395; x_wconf 88' lang='lat' dir='ltr'>populus,</span> <span class='ocrx_word' id='word_1_10' title='bbox 498 319 616 394; x_wconf 86' lang='lat' dir='ltr'>sapiens</span> <span class='ocrx_word' id='word_1_11' title='bbox 637 328 667 379; x_wconf 90' lang='lat' dir='ltr'>et</span> <span class='ocrx_word' id='word_1_12' title='bbox 687 319 781 379; x_wconf 91' lang='lat' dir='ltr'>iustus</span> <span class='ocrx_word' id='word_1_13' title='bbox 801 321 833 379; x_wconf 92' lang='lat' dir='ltr'>in</span> <span class='ocrx_word' id='word_1_14' title='bbox 852 340 914 381; x_wconf 92' lang='lat' dir='ltr'>uno</span> 
     </span>
     <span class='ocr_line' id='line_1_3' title="bbox 103 414 798 489; baseline 0.006 -16"><span class='ocrx_word' id='word_1_15' title='bbox 103 425 134 474; x_wconf 91' lang='lat' dir='ltr'>te</span> <span class='ocrx_word' id='word_1_16' title='bbox 154 414 261 474; x_wconf 90' lang='lat' dir='ltr'>nostris</span> <span class='ocrx_word' id='word_1_17' title='bbox 282 414 417 489; x_wconf 87' lang='lat' dir='ltr'>ducibus,</span> <span class='ocrx_word' id='word_1_18' title='bbox 439 425 470 475; x_wconf 89' lang='lat' dir='ltr'>te</span> <span class='ocrx_word' id='word_1_19' title='bbox 490 416 576 476; x_wconf 88' lang='lat' dir='ltr'>Grais</span> <span class='ocrx_word' id='word_1_20' title='bbox 596 417 798 489; x_wconf 63' lang='lat' dir='ltr'>anteferenda</span> 
     </span>
     <span class='ocr_line' id='line_1_4' title="bbox 103 512 1004 591; baseline 0.002 -20"><span class='ocrx_word' id='word_1_21' title='bbox 103 523 201 572; x_wconf 87' lang='lat' dir='ltr'>cetera</span> <span class='ocrx_word' id='word_1_22' title='bbox 219 531 408 588; x_wconf 87' lang='lat' dir='ltr'>nequaquam</span> <span class='ocrx_word' id='word_1_23' title='bbox 428 512 516 572; x_wconf 85' lang='lat' dir='ltr'><strong>simili</strong></span> <span class='ocrx_word' id='word_1_24' title='bbox 535 514 650 573; x_wconf 90' lang='lat' dir='ltr'>ratione</span> <span class='ocrx_word' id='word_1_25' title='bbox 670 515 824 591; x_wconf 87' lang='lat' dir='ltr'>modoque</span> <span class='ocrx_word' id='word_1_26' title='bbox 965 535 1004 573; x_wconf 79' lang='lat'>20</span> 
     </span>
     <span class='ocr_line' id='line_1_5' title="bbox 104 600 1093 686; baseline 0.004 -19"><span class='ocrx_word' id='word_1_27' title='bbox 104 607 248 680; x_wconf 81' lang='lat' dir='ltr'>aestimat,</span> <span class='ocrx_word' id='word_1_28' title='bbox 270 618 300 667; x_wconf 95' lang='lat' dir='ltr'>et</span> <span class='ocrx_word' id='word_1_29' title='bbox 320 607 377 666; x_wconf 93' lang='lat' dir='ltr'>nisi</span> <span class='ocrx_word' id='word_1_30' title='bbox 397 626 476 684; x_wconf 89' lang='lat' dir='ltr'>quae</span> <span class='ocrx_word' id='word_1_31' title='bbox 495 608 578 667; x_wconf 89' lang='lat' dir='ltr'>terris</span> <span class='ocrx_word' id='word_1_32' title='bbox 599 618 714 667; x_wconf 91' lang='lat' dir='ltr'>semota</span> <span class='ocrx_word' id='word_1_33' title='bbox 733 609 854 686; x_wconf 89' lang='lat' dir='ltr'>suisque</span> <span class='ocrx_word' id='word_1_34' title='bbox 1089 600 1093 609; x_wconf 52' lang='grc'><strong>”</strong></span> 
     </span>
     <span class='ocr_line' id='line_1_6' title="bbox 104 703 849 780; baseline 0.005 -17"><span class='ocrx_word' id='word_1_35' title='bbox 104 703 287 780; x_wconf 89' lang='lat' dir='ltr'><strong>temporibus</strong></span> <span class='ocrx_word' id='word_1_36' title='bbox 307 703 448 763; x_wconf 81' lang='lat' dir='ltr'>defuncta</span> <span class='ocrx_word' id='word_1_37' title='bbox 467 704 557 775; x_wconf 75' lang='lat' dir='ltr'>videt,</span> <span class='ocrx_word' id='word_1_38' title='bbox 578 706 691 766; x_wconf 83' lang='lat' dir='ltr'><strong>fastidit</strong></span> <span class='ocrx_word' id='word_1_39' title='bbox 711 717 742 766; x_wconf 94' lang='lat' dir='ltr'>et</span> <span class='ocrx_word' id='word_1_40' title='bbox 762 707 849 778; x_wconf 88' lang='lat' dir='ltr'>odit,-</span> 
     </span>
    </p>

    <p class='ocr_par' dir='ltr' id='par_1_3' title="bbox 104 801 904 878">
     <span class='ocr_line' id='line_1_7' title="bbox 104 801 904 878; baseline 0.005 -19"><span class='ocrx_word' id='word_1_41' title='bbox 104 801 147 859; x_wconf 91' lang='lat' dir='ltr'>sic</span> <span class='ocrx_word' id='word_1_42' title='bbox 166 801 263 859; x_wconf 84' lang='lat' dir='ltr'>fautor</span> <span class='ocrx_word' id='word_1_43' title='bbox 281 810 424 874; x_wconf 88' lang='lat' dir='ltr'>veterum,</span> <span class='ocrx_word' id='word_1_44' title='bbox 444 810 479 861; x_wconf 92' lang='lat' dir='ltr'>ut</span> <span class='ocrx_word' id='word_1_45' title='bbox 498 802 613 861; x_wconf 91' lang='lat' dir='ltr'>tabulas</span> <span class='ocrx_word' id='word_1_46' title='bbox 633 820 757 878; x_wconf 87' lang='lat' dir='ltr'>peccare</span> <span class='ocrx_word' id='word_1_47' title='bbox 777 805 904 863; x_wconf 87' lang='lat' dir='ltr'>vetantis</span> 
     </span>
    </p>

    <p class='ocr_par' dir='ltr' id='par_1_4' title="bbox 105 897 924 977">
     <span class='ocr_line' id='line_1_8' title="bbox 105 897 924 977; baseline 0.006 -22"><span class='ocrx_word' id='word_1_48' title='bbox 105 916 179 974; x_wconf 90' lang='lat' dir='ltr'>quas</span> <span class='ocrx_word' id='word_1_49' title='bbox 198 897 245 956; x_wconf 91' lang='lat' dir='ltr'>bis</span> <span class='ocrx_word' id='word_1_50' title='bbox 265 898 399 974; x_wconf 91' lang='lat' dir='ltr'>quinque</span> <span class='ocrx_word' id='word_1_51' title='bbox 417 898 471 957; x_wconf 88' lang='lat' dir='ltr'>viri</span> <span class='ocrx_word' id='word_1_52' title='bbox 491 909 659 973; x_wconf 85' lang='lat' dir='ltr'>sanxerunt,</span> <span class='ocrx_word' id='word_1_53' title='bbox 681 899 803 959; x_wconf 81' lang='lat' dir='ltr'>foedera</span> <span class='ocrx_word' id='word_1_54' title='bbox 822 918 924 977; x_wconf 87' lang='lat' dir='ltr'>regum</span> 
     </span>
    </p>

    <p class='ocr_par' dir='ltr' id='par_1_5' title="bbox 104 993 1004 1169">
     <span class='ocr_line' id='line_1_9' title="bbox 104 993 1004 1073; baseline 0.003 -21"><span class='ocrx_word' id='word_1_55' title='bbox 104 994 153 1054; x_wconf 90' lang='lat' dir='ltr'>vel</span> <span class='ocrx_word' id='word_1_56' title='bbox 172 993 274 1055; x_wconf 81' lang='lat' dir='ltr'>Gabiis</span> <span class='ocrx_word' id='word_1_57' title='bbox 294 995 342 1054; x_wconf 90' lang='lat' dir='ltr'>vel</span> <span class='ocrx_word' id='word_1_58' title='bbox 362 1012 431 1053; x_wconf 90' lang='lat' dir='ltr'>cum</span> <span class='ocrx_word' id='word_1_59' title='bbox 451 994 551 1070; x_wconf 87' lang='lat' dir='ltr'><strong>rigidis</strong></span> <span class='ocrx_word' id='word_1_60' title='bbox 571 1006 700 1072; x_wconf 88' lang='lat' dir='ltr'>aequata</span> <span class='ocrx_word' id='word_1_61' title='bbox 719 995 845 1071; x_wconf 85' lang='lat' dir='ltr'><strong>Sabinis,</strong></span> <span class='ocrx_word' id='word_1_62' title='bbox 967 1014 1004 1073; x_wconf 83' lang='lat'>25</span> 
     </span>
     <span class='ocr_line' id='line_1_10' title="bbox 105 1092 825 1169; baseline 0.001 -18"><span class='ocrx_word' id='word_1_63' title='bbox 105 1093 280 1169; x_wconf 87' lang='lat' dir='ltr'>pontificum</span> <span class='ocrx_word' id='word_1_64' title='bbox 300 1092 399 1165; x_wconf 90' lang='lat' dir='ltr'>libros,</span> <span class='ocrx_word' id='word_1_65' title='bbox 419 1110 532 1152; x_wconf 87' lang='lat' dir='ltr'>annosa</span> <span class='ocrx_word' id='word_1_66' title='bbox 550 1094 704 1153; x_wconf 89' lang='lat' dir='ltr'>volumina</span> <span class='ocrx_word' id='word_1_67' title='bbox 723 1104 825 1154; x_wconf 87' lang='lat' dir='ltr'>vatum</span> 
     </span>
    </p>

    <p class='ocr_par' dir='ltr' id='par_1_6' title="bbox 105 1188 804 1269">
     <span class='ocr_line' id='line_1_11' title="bbox 105 1188 804 1269; baseline 0.004 -21"><span class='ocrx_word' id='word_1_68' title='bbox 105 1188 223 1248; x_wconf 88' lang='lat' dir='ltr'><strong>dictitet</strong></span> <span class='ocrx_word' id='word_1_69' title='bbox 241 1190 360 1248; x_wconf 89' lang='lat' dir='ltr'>Albano</span> <span class='ocrx_word' id='word_1_70' title='bbox 382 1191 486 1269; x_wconf 84' lang='lat' dir='ltr'>Musas</span> <span class='ocrx_word' id='word_1_71' title='bbox 506 1190 539 1247; x_wconf 95' lang='lat' dir='ltr'>in</span> <span class='ocrx_word' id='word_1_72' title='bbox 558 1199 661 1249; x_wconf 89' lang='lat' dir='ltr'>monte</span> <span class='ocrx_word' id='word_1_73' title='bbox 681 1192 804 1251; x_wconf 87' lang='lat' dir='ltr'>locutas.</span> 
     </span>
    </p>

    <p class='ocr_par' dir='ltr' id='par_1_7' title="bbox 105 1285 1007 1844">
     <span class='ocr_line' id='line_1_12' title="bbox 105 1285 886 1365; baseline 0.006 -21"><span class='ocrx_word' id='word_1_74' title='bbox 105 1285 145 1358; x_wconf 88' lang='lat' dir='ltr'>Si,</span> <span class='ocrx_word' id='word_1_75' title='bbox 166 1286 237 1362; x_wconf 88' lang='lat' dir='ltr'>quia</span> <span class='ocrx_word' id='word_1_76' title='bbox 257 1285 414 1345; x_wconf 89' lang='lat' dir='ltr'>Graiorum</span> <span class='ocrx_word' id='word_1_77' title='bbox 434 1295 503 1344; x_wconf 92' lang='lat' dir='ltr'>sunt</span> <span class='ocrx_word' id='word_1_78' title='bbox 523 1287 729 1361; x_wconf 86' lang='lat' dir='ltr'>antiquissima</span> <span class='ocrx_word' id='word_1_79' title='bbox 748 1305 886 1365; x_wconf 86' lang='lat' dir='ltr'>quaeque</span> 
     </span>
     <span class='ocr_line' id='line_1_13' title="bbox 106 1382 887 1460; baseline 0.005 -18"><span class='ocrx_word' id='word_1_80' title='bbox 106 1382 214 1458; x_wconf 88' lang='lat' dir='ltr'>scripta</span> <span class='ocrx_word' id='word_1_81' title='bbox 233 1382 281 1442; x_wconf 93' lang='lat' dir='ltr'>vel</span> <span class='ocrx_word' id='word_1_82' title='bbox 300 1383 423 1459; x_wconf 82' lang='lat' dir='ltr'>optima,</span> <span class='ocrx_word' id='word_1_83' title='bbox 445 1384 575 1442; x_wconf 90' lang='lat' dir='ltr'>Romani</span> <span class='ocrx_word' id='word_1_84' title='bbox 595 1395 758 1460; x_wconf 88' lang='lat' dir='ltr'>pensantur</span> <span class='ocrx_word' id='word_1_85' title='bbox 780 1386 887 1445; x_wconf 89' lang='lat' dir='ltr'>eadem</span> 
     </span>
     <span class='ocr_line' id='line_1_14' title="bbox 106 1474 1007 1557; baseline 0.006 -22"><span class='ocrx_word' id='word_1_86' title='bbox 106 1474 263 1552; x_wconf 88' lang='lat' dir='ltr'>scriptores</span> <span class='ocrx_word' id='word_1_87' title='bbox 276 1477 394 1549; x_wconf 67' lang='lat' dir='ltr'>trfftina</span> <span class='ocrx_word' id='word_1_88' title='bbox 410 1495 472 1536; x_wconf 93' lang='lat' dir='ltr'>non</span> <span class='ocrx_word' id='word_1_89' title='bbox 485 1488 531 1537; x_wconf 91' lang='lat' dir='ltr'>est</span> <span class='ocrx_word' id='word_1_90' title='bbox 544 1478 628 1553; x_wconf 92' lang='lat' dir='ltr'>quod</span> <span class='ocrx_word' id='word_1_91' title='bbox 641 1480 735 1538; x_wconf 86' lang='lat' dir='ltr'>multa</span> <span class='ocrx_word' id='word_1_92' title='bbox 747 1481 923 1557; x_wconf 86' lang='lat' dir='ltr'>loquamur:</span> <span class='ocrx_word' id='word_1_93' title='bbox 967 1501 1007 1557; x_wconf 86' lang='lat'>30</span> 
     </span>
     <span class='ocr_line' id='line_1_15' title="bbox 105 1573 881 1650; baseline 0.008 -19"><span class='ocrx_word' id='word_1_94' title='bbox 105 1573 149 1631; x_wconf 91' lang='lat' dir='ltr'>nil</span> <span class='ocrx_word' id='word_1_95' title='bbox 168 1573 245 1632; x_wconf 86' lang='lat' dir='ltr'>intra</span> <span class='ocrx_word' id='word_1_96' title='bbox 265 1583 311 1633; x_wconf 92' lang='lat' dir='ltr'>est</span> <span class='ocrx_word' id='word_1_97' title='bbox 330 1575 405 1647; x_wconf 79' lang='lat' dir='ltr'>olea,</span> <span class='ocrx_word' id='word_1_98' title='bbox 429 1574 471 1631; x_wconf 93' lang='lat' dir='ltr'>nil</span> <span class='ocrx_word' id='word_1_99' title='bbox 491 1585 574 1633; x_wconf 83' lang='lat' dir='ltr'>extra</span> <span class='ocrx_word' id='word_1_100' title='bbox 594 1585 639 1634; x_wconf 87' lang='lat' dir='ltr'>est</span> <span class='ocrx_word' id='word_1_101' title='bbox 659 1576 690 1634; x_wconf 93' lang='lat' dir='ltr'>in</span> <span class='ocrx_word' id='word_1_102' title='bbox 711 1595 787 1636; x_wconf 88' lang='lat' dir='ltr'>nuce</span> <span class='ocrx_word' id='word_1_103' title='bbox 806 1577 881 1650; x_wconf 91' lang='lat' dir='ltr'>duri,</span> 
     </span>
     <span class='ocr_line' id='line_1_16' title="bbox 106 1672 1001 1753; baseline 0.006 -23"><span class='ocrx_word' id='word_1_104' title='bbox 106 1672 241 1732; x_wconf 87' lang='lat' dir='ltr'>venimus</span> <span class='ocrx_word' id='word_1_105' title='bbox 260 1672 302 1731; x_wconf 86' lang='lat' dir='ltr'>ad</span> <span class='ocrx_word' id='word_1_106' title='bbox 322 1690 472 1731; x_wconf 90' lang='lat' dir='ltr'>summum</span> <span class='ocrx_word' id='word_1_107' title='bbox 491 1673 635 1747; x_wconf 84' lang='lat' dir='ltr'>fortunae,</span> <span class='ocrx_word' id='word_1_108' title='bbox 657 1674 807 1750; x_wconf 85' lang='lat' dir='ltr'>pingimus</span> <span class='ocrx_word' id='word_1_109' title='bbox 826 1687 918 1753; x_wconf 86' lang='lat' dir='ltr'>atque</span> <span class='ocrx_word' id='word_1_110' title='bbox 996 1729 1001 1735; x_wconf 83' lang='grc'><em>.</em></span> 
     </span>
     <span class='ocr_line' id='line_1_17' title="bbox 106 1753 878 1844; baseline 0.006 -19"><span class='ocrx_word' id='word_1_111' title='bbox 106 1768 259 1844; x_wconf 90' lang='lat' dir='ltr'>psallimus</span> <span class='ocrx_word' id='word_1_112' title='bbox 281 1777 310 1826; x_wconf 92' lang='lat' dir='ltr'>et</span> <span class='ocrx_word' id='word_1_113' title='bbox 330 1753 476 1826; x_wconf 84' lang='lat' dir='ltr'>luctamur</span> <span class='ocrx_word' id='word_1_114' title='bbox 495 1768 617 1827; x_wconf 86' lang='lat' dir='ltr'>Achivis</span> <span class='ocrx_word' id='word_1_115' title='bbox 637 1768 753 1828; x_wconf 92' lang='lat' dir='ltr'>doctius</span> <span class='ocrx_word' id='word_1_116' title='bbox 773 1772 878 1831; x_wconf 79' lang='lat' dir='ltr'>unctis,</span> 
     </span>
    </p>

    <p class='ocr_par' dir='ltr' id='par_1_8' title="bbox 107 1865 808 1943">
     <span class='ocr_line' id='line_1_18' title="bbox 107 1865 808 1943; baseline 0 -17"><span class='ocrx_word' id='word_1_117' title='bbox 107 1866 138 1926; x_wconf 93' lang='lat' dir='ltr'>Si</span> <span class='ocrx_word' id='word_1_118' title='bbox 158 1867 281 1926; x_wconf 87' lang='lat' dir='ltr'>meliora</span> <span class='ocrx_word' id='word_1_119' title='bbox 299 1865 372 1939; x_wconf 89' lang='lat' dir='ltr'>dies,</span> <span class='ocrx_word' id='word_1_120' title='bbox 393 1875 426 1924; x_wconf 95' lang='lat' dir='ltr'>ut</span> <span class='ocrx_word' id='word_1_121' title='bbox 445 1867 523 1937; x_wconf 87' lang='lat' dir='ltr'>vina,</span> <span class='ocrx_word' id='word_1_122' title='bbox 545 1876 684 1942; x_wconf 86' lang='lat' dir='ltr'>poemata</span> <span class='ocrx_word' id='word_1_123' title='bbox 703 1869 808 1943; x_wconf 88' lang='lat' dir='ltr'>reddit,</span> 
     </span>
    </p>

    <p class='ocr_par' dir='ltr' id='par_1_9' title="bbox 107 1963 1007 2233">
     <span class='ocr_line' id='line_1_19' title="bbox 107 1963 1007 2045; baseline 0.006 -22"><span class='ocrx_word' id='word_1_124' title='bbox 107 1965 181 2024; x_wconf 87' lang='lat' dir='ltr'>scire</span> <span class='ocrx_word' id='word_1_125' title='bbox 194 1964 292 2035; x_wconf 85' lang='lat' dir='ltr'>velim,</span> <span class='ocrx_word' id='word_1_126' title='bbox 308 1963 415 2023; x_wconf 84' lang='lat' dir='ltr'>chartis</span> <span class='ocrx_word' id='word_1_127' title='bbox 429 1964 557 2040; x_wconf 89' lang='lat' dir='ltr'>pretium</span> <span class='ocrx_word' id='word_1_128' title='bbox 571 1976 681 2042; x_wconf 91' lang='lat' dir='ltr'>quotus</span> <span class='ocrx_word' id='word_1_129' title='bbox 693 1967 817 2043; x_wconf 86' lang='lat' dir='ltr'>adroget</span> <span class='ocrx_word' id='word_1_130' title='bbox 829 1987 934 2028; x_wconf 86' lang='lat' dir='ltr'>annus.</span> <span class='ocrx_word' id='word_1_131' title='bbox 969 1984 1007 2045; x_wconf 83' lang='lat'>35</span> 
     </span>
     <span class='ocr_line' id='line_1_20' title="bbox 108 2059 931 2137; baseline 0.005 -17"><span class='ocrx_word' id='word_1_132' title='bbox 108 2061 238 2137; x_wconf 91' lang='lat' dir='ltr'>Scriptor</span> <span class='ocrx_word' id='word_1_133' title='bbox 257 2059 367 2118; x_wconf 90' lang='lat' dir='ltr'>abhinc</span> <span class='ocrx_word' id='word_1_134' title='bbox 387 2078 482 2118; x_wconf 89' lang='lat' dir='ltr'>annos</span> <span class='ocrx_word' id='word_1_135' title='bbox 503 2071 624 2120; x_wconf 90' lang='lat' dir='ltr'>centum</span> <span class='ocrx_word' id='word_1_136' title='bbox 644 2063 696 2137; x_wconf 93' lang='lat' dir='ltr'>qui</span> <span class='ocrx_word' id='word_1_137' title='bbox 717 2063 836 2134; x_wconf 89' lang='lat' dir='ltr'>decidit,</span> <span class='ocrx_word' id='word_1_138' title='bbox 853 2065 931 2124; x_wconf 88' lang='lat' dir='ltr'>inter</span> 
     </span>
     <span class='ocr_line' id='line_1_21' title="bbox 108 2158 837 2233; baseline 0.004 -17"><span class='ocrx_word' id='word_1_139' title='bbox 108 2158 256 2233; x_wconf 87' lang='lat' dir='ltr'>perfectos</span> <span class='ocrx_word' id='word_1_140' title='bbox 276 2166 450 2232; x_wconf 83' lang='lat' dir='ltr'>veteresque</span> <span class='ocrx_word' id='word_1_141' title='bbox 470 2158 569 2216; x_wconf 83' lang='lat' dir='ltr'>referri</span> <span class='ocrx_word' id='word_1_142' title='bbox 590 2158 681 2218; x_wconf 90' lang='lat' dir='ltr'>debet</span> <span class='ocrx_word' id='word_1_143' title='bbox 701 2178 740 2217; x_wconf 87' lang='lat' dir='ltr'>an</span> <span class='ocrx_word' id='word_1_144' title='bbox 760 2160 837 2219; x_wconf 90' lang='lat' dir='ltr'>inter</span> 
     </span>
    </p>

    <p class='ocr_par' dir='ltr' id='par_1_10' title="bbox 80 2255 814 2333">
     <span class='ocr_line' id='line_1_22' title="bbox 80 2255 814 2333; baseline 0.001 -20"><span class='ocrx_word' id='word_1_145' title='bbox 80 2327 86 2333; x_wconf 61' lang='lat'>„</span> <span class='ocrx_word' id='word_1_146' title='bbox 108 2255 173 2314; x_wconf 88' lang='lat' dir='ltr'>vilis</span> <span class='ocrx_word' id='word_1_147' title='bbox 193 2263 283 2329; x_wconf 88' lang='lat' dir='ltr'>atque</span> <span class='ocrx_word' id='word_1_148' title='bbox 303 2255 420 2313; x_wconf 85' lang='lat' dir='ltr'>novos?</span> <span class='ocrx_word' id='word_1_149' title='bbox 461 2255 608 2314; x_wconf 84' lang='lat' dir='ltr'>Excludat</span> <span class='ocrx_word' id='word_1_150' title='bbox 628 2255 720 2331; x_wconf 88' lang='lat' dir='ltr'>iurgia</span> <span class='ocrx_word' id='word_1_151' title='bbox 739 2256 814 2314; x_wconf 89' lang='lat' dir='ltr'>finis.</span> 
     </span>
    </p>

    <p class='ocr_par' dir='ltr' id='par_1_11' title="bbox 108 2350 1009 2623">
     <span class='ocr_line' id='line_1_23' title="bbox 111 2350 1009 2427; baseline -0.003 -17"><span class='ocrx_word' id='word_1_152' title='bbox 111 2352 183 2410; x_wconf 88' lang='lat' dir='ltr'>‘Est</span> <span class='ocrx_word' id='word_1_153' title='bbox 204 2362 288 2409; x_wconf 89' lang='lat' dir='ltr'>vetus</span> <span class='ocrx_word' id='word_1_154' title='bbox 308 2359 399 2426; x_wconf 87' lang='lat' dir='ltr'>atque</span> <span class='ocrx_word' id='word_1_155' title='bbox 419 2352 530 2426; x_wconf 91' lang='lat' dir='ltr'>probus</span> <span class='ocrx_word' id='word_1_156' title='bbox 551 2361 671 2410; x_wconf 88' lang='lat' dir='ltr'>centum</span> <span class='ocrx_word' id='word_1_157' title='bbox 691 2351 742 2427; x_wconf 91' lang='lat' dir='ltr'>qui</span> <span class='ocrx_word' id='word_1_158' title='bbox 762 2351 877 2427; x_wconf 88' lang='lat' dir='ltr'>perficit</span> <span class='ocrx_word' id='word_1_159' title='bbox 896 2350 1009 2409; x_wconf 70' lang='lat' dir='ltr'>annos!</span> 
     </span>
     <span class='ocr_line' id='line_1_24' title="bbox 110 2449 1009 2526; baseline -0.002 -18"><span class='ocrx_word' id='word_1_160' title='bbox 110 2450 193 2526; x_wconf 89' lang='lat' dir='ltr'>Quid</span> <span class='ocrx_word' id='word_1_161' title='bbox 213 2449 264 2525; x_wconf 93' lang='lat' dir='ltr'>qui</span> <span class='ocrx_word' id='word_1_162' title='bbox 286 2449 411 2525; x_wconf 88' lang='lat' dir='ltr'>deperiit</span> <span class='ocrx_word' id='word_1_163' title='bbox 431 2450 527 2509; x_wconf 88' lang='lat' dir='ltr'>minor</span> <span class='ocrx_word' id='word_1_164' title='bbox 546 2468 610 2509; x_wconf 91' lang='lat' dir='ltr'>uno</span> <span class='ocrx_word' id='word_1_165' title='bbox 630 2468 733 2509; x_wconf 92' lang='lat' dir='ltr'>mense</span> <span class='ocrx_word' id='word_1_166' title='bbox 752 2450 800 2509; x_wconf 89' lang='lat' dir='ltr'>vel</span> <span class='ocrx_word' id='word_1_167' title='bbox 820 2468 909 2519; x_wconf 89' lang='lat' dir='ltr'>anno,</span> <span class='ocrx_word' id='word_1_168' title='bbox 970 2468 1009 2520; x_wconf 86' lang='lat'>40</span> 
     </span>
     <span class='ocr_line' id='line_1_25' title="bbox 108 2547 901 2623; baseline -0.001 -16"><span class='ocrx_word' id='word_1_169' title='bbox 108 2549 186 2607; x_wconf 89' lang='lat' dir='ltr'>inter</span> <span class='ocrx_word' id='word_1_170' title='bbox 205 2564 282 2623; x_wconf 91' lang='lat' dir='ltr'>quos</span> <span class='ocrx_word' id='word_1_171' title='bbox 302 2547 472 2605; x_wconf 84' lang='lat' dir='ltr'>referendus</span> <span class='ocrx_word' id='word_1_172' title='bbox 493 2547 568 2606; x_wconf 84' lang='lat' dir='ltr'>erit?</span> <span class='ocrx_word' id='word_1_173' title='bbox 605 2548 769 2606; x_wconf 84' lang='lat' dir='ltr'>Veteresne</span> <span class='ocrx_word' id='word_1_174' title='bbox 788 2558 901 2623; x_wconf 87' lang='lat' dir='ltr'>poetas,</span> 
     </span>
    </p>

    <p class='ocr_par' dir='ltr' id='par_1_12' title="bbox 111 2645 903 2720">
     <span class='ocr_line' id='line_1_26' title="bbox 111 2645 903 2720; baseline 0 -17"><span class='ocrx_word' id='word_1_175' title='bbox 111 2664 150 2703; x_wconf 87' lang='lat' dir='ltr'>an</span> <span class='ocrx_word' id='word_1_176' title='bbox 170 2663 246 2720; x_wconf 92' lang='lat' dir='ltr'>quos</span> <span class='ocrx_word' id='word_1_177' title='bbox 267 2654 296 2703; x_wconf 90' lang='lat' dir='ltr'>et</span> <span class='ocrx_word' id='word_1_178' title='bbox 316 2662 455 2720; x_wconf 87' lang='lat' dir='ltr'>praesens</span> <span class='ocrx_word' id='word_1_179' title='bbox 476 2653 507 2703; x_wconf 92' lang='lat' dir='ltr'>et</span> <span class='ocrx_word' id='word_1_180' title='bbox 526 2653 647 2720; x_wconf 86' lang='lat' dir='ltr'>postera</span> <span class='ocrx_word' id='word_1_181' title='bbox 665 2653 785 2720; x_wconf 92' lang='lat' dir='ltr'>respuat</span> <span class='ocrx_word' id='word_1_182' title='bbox 804 2645 903 2703; x_wconf 83' lang='lat' dir='ltr'>aetas?</span> 
     </span>
    </p>

    <p class='ocr_par' dir='ltr' id='par_1_13' title="bbox 113 2741 864 2817">
     <span class='ocr_line' id='line_1_27' title="bbox 113 2741 864 2817; baseline -0.005 -14"><span class='ocrx_word' id='word_1_183' title='bbox 113 2746 193 2803; x_wconf 87' lang='lat' dir='ltr'>‘Iste</span> <span class='ocrx_word' id='word_1_184' title='bbox 212 2741 335 2817; x_wconf 92' lang='lat' dir='ltr'>quidem</span> <span class='ocrx_word' id='word_1_185' title='bbox 354 2752 468 2802; x_wconf 86' lang='lat' dir='ltr'>veteres</span> <span class='ocrx_word' id='word_1_186' title='bbox 487 2742 564 2800; x_wconf 89' lang='lat' dir='ltr'>inter</span> <span class='ocrx_word' id='word_1_187' title='bbox 583 2753 712 2817; x_wconf 90' lang='lat' dir='ltr'>ponetur</span> <span class='ocrx_word' id='word_1_188' title='bbox 731 2741 864 2813; x_wconf 80' lang='lat' dir='ltr'>honeste,</span> 
     </span>
    </p>

    <p class='ocr_par' dir='ltr' id='par_1_14' title="bbox 112 2835 906 2916">
     <span class='ocr_line' id='line_1_28' title="bbox 112 2835 906 2916; baseline -0.005 -17"><span class='ocrx_word' id='word_1_189' title='bbox 112 2840 164 2916; x_wconf 92' lang='lat' dir='ltr'>qui</span> <span class='ocrx_word' id='word_1_190' title='bbox 183 2840 231 2899; x_wconf 93' lang='lat' dir='ltr'>vel</span> <span class='ocrx_word' id='word_1_191' title='bbox 251 2857 355 2898; x_wconf 89' lang='lat' dir='ltr'>mense</span> <span class='ocrx_word' id='word_1_192' title='bbox 374 2837 455 2898; x_wconf 86' lang='lat' dir='ltr'>brevi</span> <span class='ocrx_word' id='word_1_193' title='bbox 475 2839 523 2897; x_wconf 92' lang='lat' dir='ltr'>vel</span> <span class='ocrx_word' id='word_1_194' title='bbox 542 2848 607 2897; x_wconf 92' lang='lat' dir='ltr'>toto</span> <span class='ocrx_word' id='word_1_195' title='bbox 627 2848 673 2896; x_wconf 90' lang='lat' dir='ltr'>est</span> <span class='ocrx_word' id='word_1_196' title='bbox 692 2837 788 2896; x_wconf 92' lang='lat' dir='ltr'>iunior</span> <span class='ocrx_word' id='word_1_197' title='bbox 806 2835 906 2896; x_wconf 68' lang='lat' dir='ltr'>anuo!</span> 
     </span>
    </p>

    <p class='ocr_par' dir='ltr' id='par_1_15' title="bbox 113 2933 1010 3110">
     <span class='ocr_line' id='line_1_29' title="bbox 113 2933 1010 3013; baseline -0.006 -17"><span class='ocrx_word' id='word_1_198' title='bbox 113 2938 193 2997; x_wconf 91' lang='lat' dir='ltr'>Utor</span> <span class='ocrx_word' id='word_1_199' title='bbox 211 2937 365 3013; x_wconf 88' lang='lat' dir='ltr'>permisso,</span> <span class='ocrx_word' id='word_1_200' title='bbox 385 2935 557 3010; x_wconf 88' lang='lat' dir='ltr'>caudaeque</span> <span class='ocrx_word' id='word_1_201' title='bbox 576 2934 653 3010; x_wconf 92' lang='lat' dir='ltr'>pilos</span> <span class='ocrx_word' id='word_1_202' title='bbox 673 2943 713 3011; x_wconf 88' lang='lat' dir='ltr'>ut</span> <span class='ocrx_word' id='word_1_203' title='bbox 726 2933 852 3008; x_wconf 89' lang='lat' dir='ltr'>equinae</span> <span class='ocrx_word' id='word_1_204' title='bbox 972 2948 1010 3007; x_wconf 82' lang='lat'>45</span> 
     </span>
     <span class='ocr_line' id='line_1_30' title="bbox 113 3030 990 3110; baseline -0.008 -17"><span class='ocrx_word' id='word_1_205' title='bbox 113 3035 267 3110; x_wconf 87' lang='lat' dir='ltr'>paullatim</span> <span class='ocrx_word' id='word_1_206' title='bbox 287 3035 365 3093; x_wconf 90' lang='lat' dir='ltr'>vello</span> <span class='ocrx_word' id='word_1_207' title='bbox 385 3041 416 3092; x_wconf 93' lang='lat' dir='ltr'>et</span> <span class='ocrx_word' id='word_1_208' title='bbox 435 3031 525 3091; x_wconf 88' lang='lat' dir='ltr'>demo</span> <span class='ocrx_word' id='word_1_209' title='bbox 545 3050 647 3101; x_wconf 87' lang='lat' dir='ltr'>unum,</span> <span class='ocrx_word' id='word_1_210' title='bbox 669 3030 759 3089; x_wconf 91' lang='lat' dir='ltr'>demo</span> <span class='ocrx_word' id='word_1_211' title='bbox 779 3030 869 3089; x_wconf 87' lang='lat' dir='ltr'>etiam</span> <span class='ocrx_word' id='word_1_212' title='bbox 888 3046 990 3101; x_wconf 88' lang='lat' dir='ltr'>unum,</span> 
     </span>
    </p>
   </div>
   <div class='ocr_carea' id='block_1_3' title="bbox 116 3165 1014 3393">
    <p class='ocr_par' dir='ltr' id='par_1_16' title="bbox 116 3165 1014 3393">
     <span class='ocr_line' id='line_1_31' title="bbox 166 3165 1013 3228; baseline -0.007 -10"><span class='ocrx_word' id='word_1_213' title='bbox 166 3171 205 3219; x_wconf 82' lang='lat'>18·</span> <span class='ocrx_word' id='word_1_214' title='bbox 236 3167 277 3217; x_wconf 78' lang='lat' dir='ltr'>Iu⁰c</span> <span class='ocrx_word' id='word_1_215' title='bbox 287 3167 394 3220; x_wconf 85' lang='grc' dir='ltr'>ωὈΜΚ</span> <span class='ocrx_word' id='word_1_216' title='bbox 413 3185 420 3217; x_wconf 83' lang='lat'><em>=</em></span> <span class='ocrx_word' id='word_1_217' title='bbox 436 3166 520 3216; x_wconf 78' lang='lat' dir='ltr'>hocB.</span> <span class='ocrx_word' id='word_1_218' title='bbox 586 3167 626 3215; x_wconf 68' lang='grc' dir='ltr'>αθ.</span> <span class='ocrx_word' id='word_1_219' title='bbox 662 3165 798 3214; x_wconf 62' lang='lat' dir='ltr'>Gratianum</span> <span class='ocrx_word' id='word_1_220' title='bbox 808 3165 879 3228; x_wconf 81' lang='grc' dir='ltr'>βΒΜ</span> <span class='ocrx_word' id='word_1_221' title='bbox 893 3182 900 3213; x_wconf 75' lang='lat'>2</span> <span class='ocrx_word' id='word_1_222' title='bbox 914 3165 1013 3214; x_wconf 79' lang='lat' dir='ltr'>Gracco·</span> 
     </span>
     <span class='ocr_line' id='line_1_32' title="bbox 116 3244 1014 3311; baseline -0.007 -12"><span class='ocrx_word' id='word_1_223' title='bbox 116 3265 175 3299; x_wconf 80' lang='lat' dir='ltr'>mm</span> <span class='ocrx_word' id='word_1_224' title='bbox 191 3248 286 3310; x_wconf 76' lang='grc' dir='ltr'><strong>αγΟΚ.</strong></span> <span class='ocrx_word' id='word_1_225' title='bbox 411 3262 450 3311; x_wconf 80' lang='lat'>31.</span> <span class='ocrx_word' id='word_1_226' title='bbox 479 3249 529 3298; x_wconf 85' lang='lat' dir='ltr'>olea</span> <span class='ocrx_word' id='word_1_227' title='bbox 539 3248 589 3296; x_wconf 86' lang='grc' dir='ltr'>ΒΚ</span> <span class='ocrx_word' id='word_1_228' title='bbox 603 3247 698 3297; x_wconf 79' lang='lat' dir='ltr'>:oleam</span> <span class='ocrx_word' id='word_1_229' title='bbox 714 3247 805 3299; x_wconf 82' lang='grc' dir='ltr'><strong>ωὈΜ.</strong></span> <span class='ocrx_word' id='word_1_230' title='bbox 871 3244 912 3309; x_wconf 77' lang='lat'>46.</span> <span class='ocrx_word' id='word_1_231' title='bbox 938 3245 1014 3296; x_wconf 69' lang='lat' dir='ltr'>etiam</span> 
     </span>
     <span class='ocr_line' id='line_1_33' title="bbox 116 3328 433 3393; baseline 0 -13"><span class='ocrx_word' id='word_1_232' title='bbox 116 3328 203 3393; x_wconf 79' lang='grc' dir='ltr'>αβΟΚ</span> <span class='ocrx_word' id='word_1_233' title='bbox 221 3334 268 3378; x_wconf 73' lang='lat' dir='ltr'>ret</span> <span class='ocrx_word' id='word_1_234' title='bbox 282 3328 339 3377; x_wconf 78' lang='lat' dir='ltr'>item</span> <span class='ocrx_word' id='word_1_235' title='bbox 354 3329 433 3392; x_wconf 78' lang='grc' dir='ltr'><strong>γΒΜ.</strong></span> 
     </span>
    </p>
   </div>
   <div class='ocr_carea' id='block_1_4' title="bbox 0 0 1169 3684">
    <p class='ocr_par' dir='ltr' id='par_1_17' title="bbox 0 0 1169 3684">
     <span class='ocr_line' id='line_1_34' title="bbox 0 0 1169 3684; baseline 0 0"><span class='ocrx_word' id='word_1_236' title='bbox 0 0 1169 3684; x_wconf 95' lang='lat' dir='ltr'> </span> 
     </span>
    </p>
   </div>
  </div>
 </body>
</html>
