2309 3684
94 158 112 214 a
265 143 803 259 Honnrrlnprswrnrrsrr
837 155 987 239 [11.1o-
1049 168 1051 172 ⁴

94 300 202 364 Iliacos
222 301 298 363 intra
317 313 577 380 murostpeccatur
590 308 628 369 let
649 313 737 363 extra

94 401 208 459 Rursus
228 399 301 476 quid
320 399 411 461 virtus
431 411 461 460 et
481 396 555 477 quid
575 399 721 477 sapientia
739 400 842 478 possit,

93 495 164 558 utile
183 496 339 575 proposuit
356 496 444 558 nobis
465 499 615 574 exemplar
635 498 754 571 Ulixen,

93 591 145 671 qui
164 593 294 654 domitor
312 592 420 655 Troiae
440 595 601 654 multorum
619 594 763 671 providus
782 594 863 655 urbis

93 702 124 751 et
136 709 233 752 mores
247 689 401 751 hominum
414 690 542 768 inspexit
554 691 708 768 latumque
721 710 775 768 per
786 710 906 768 aequor,
947 712 985 750 20

94 786 166 846 dum
185 787 251 861 sibi,
271 789 345 849 dum
365 787 452 850 sociis
471 788 598 849 reditum
619 799 711 866 parat,
732 807 837 865 aspera
855 789 948 875 mplta

93 884 221 961 pertulit,
242 883 372 946 adversis
392 904 490 945 rerum
509 884 715 976 immersabilis
736 884 830 945 undis

93 981 229 1067 Sirenum
248 1001 337 1057 noces
357 994 388 1044 et
409 981 513 1044 Circae
533 981 757 1068 popula'upstir
800 1026 804 1034 ·

94 1099 170 1157 quae
190 1080 215 1140 si
235 1099 303 1141 cum
324 1079 411 1141 sociis
432 1081 537 1141 stultus
558 1080 745 1158 cupidusque
765 1079 896 1154 bibisset,

94 1178 150 1237 sub
170 1177 293 1238 domina
312 1176 465 1238 meretrice
484 1172 588 1237 suisset
607 1177 701 1259 turpis
721 1172 760 1238 et‘
771 1197 883 1252 excors,
949 1193 983 1253 ²5

94 1273 212 1335 vixisset
231 1274 311 1365 canis
330 1270 492 1336 inmundus
512 1276 560 1336 vel
580 1274 677 1336 amica
696 1261 835 1344 lutosus
892 1321 915 1337 a

95 1374 160 1433 Nos
179 1374 318 1434 numerus
339 1393 440 1435 sumus
461 1383 492 1434 et
510 1374 607 1452 fruges
626 1392 800 1434 consumere
820 1371 890 1446 nati,

94 1468 197 1545 sponsi
218 1472 387 1548 Penelopae
407 1470 579 1544 nebulones,
600 1469 776 1548 Alcinoique

94 1568 125 1627 in
145 1579 213 1630 cute
232 1571 362 1629 curanda
382 1570 448 1647 plus
468 1588 565 1646 aequo
586 1579 708 1644 operata
728 1568 873 1641 iuventus,

95 1665 143 1725 cui
162 1665 318 1742 pulchmm
337 1665 401 1741 fuit,
412 1665 443 1724 in
464 1665 579 1726 medios
600 1664 728 1726 dormire
749 1665 812 1725 dies
833 1677 863 1725 et
907 1685 986 1740 ⁹²30
1066 1696 1069 1701 ·

95 1763 134 1823 ad
153 1760 306 1840 strepitum
326 1761 455 1823 citharae
476 1774 624 1825 cessatum
645 1751 758 1824 ducere
774 1782 885 1831 curam.

95 1862 140 1921 Ut
159 1859 292 1937 iugulent
311 1859 464 1922 hominem
485 1873 609 1945 surgunt
629 1862 668 1921 de
688 1873 777 1922 nocte
797 1863 943 1924 latrones:

95 1967 128 2017 ut
147 1967 177 2017 te
197 1956 295 2033 ipsum
316 1976 414 2018 serves
433 1977 495 2018 non
515 1957 747 2036 expergisceris?
786 1958 879 2036 Atqui

95 2055 120 2114 si
139 2056 224 2119 noles
244 2075 341 2129 sanus,
362 2076 461 2116 curres
479 2055 678 2135 hydropicus3
702 2068 732 2117 et
753 2055 785 2117 ni
883 2095 914 2108 u

94 2173 200 2230 posces
221 2136 389 2213 antediem
408 2153 515 2215 librum
535 2174 605 2214 cum
625 2153 745 2229 lumine,
766 2154 791 2214 si
811 2174 873 2215 non
928 2174 985 2232 ‘35

95 2249 232 2310 intendes
251 2248 383 2309 animum
404 2250 508 2312 studiis
528 2263 559 2312 et
579 2252 667 2313 rebus
687 2250 827 2324 honestis,

95 2346 206 2408 invidia
224 2348 272 2407 vel
291 2366 392 2408 amore
411 2348 480 2426 vigil
500 2348 684 2426 torquebere.
727 2351 806 2407 Nam
826 2366 878 2408 cur
928 2364 954 2382 ν

96 2465 172 2523 quae
191 2445 313 2506 laedunt
333 2448 453 2506 oculum
472 2447 594 2508 festinas
615 2446 744 2519 demere,
765 2444 864 2522 siquid

95 2553 140 2603 est
160 2541 292 2602 animum
312 2541 411 2603 differs
432 2542 556 2603 curandi
576 2555 695 2620 tempus
716 2543 747 2601 in
766 2545 901 2621 annum?

96 2637 261 2699 Dimidium
281 2639 351 2699 facti
371 2638 422 2716 qui
442 2639 541 2718 coepit
560 2641 664 2707 habet:
685 2658 788 2717 sapere
808 2641 885 2701 aude
895 2644 909 2700 ε’
948 2659 987 2712 40

95 2735 200 2813 incipe.
243 2733 304 2810 Qui
325 2746 405 2796 recte
425 2734 545 2796 vivendi
565 2748 704 2814 prorogat
723 2738 837 2813 horam,

147 2975 184 3024 18.
220 2972 311 3025 Ulixen
322 2985 371 3033 αγε
391 2971 488 3022 Ulixem
495 2972 521 3035 β.
589 2985 630 3033 ²3·
668 2971 754 3021 Circae
765 2977 795 3021 ς’.
871 2986 910 3035 3¹·
943 2988 987 3021 ces·

95 3062 177 3106 satum
193 3055 289 3105 KMO:
310 3059 440 3104 cessantem
457 3059 481 3103 s·
496 3054 527 3103 Β.
575 3068 664 3103 curam
679 3052 739 3114 ofi‘y
755 3054 854 3104 KMO:
874 3070 988 3104 somnum

95 3137 126 3201 β”
135 3137 191 3187 VB.
251 3150 292 3200 3²·
324 3135 587 3185 hominemsBKMz
602 3135 711 3185 homines
721 3136 753 3186 0.
814 3151 853 3199 34.
881 3137 987 3187 nolesf.
1053 3190 1057 3200 ,

95 3217 240 3278 currerusst
261 3218 366 3276 cures'p.
471 3216 509 3278 38.
544 3215 711 3278 oculuma'dy
722 3215 841 3266 BOKM:
863 3217 988 3267 oculosn''.

96 3311 136 3362 41.
170 3295 421 3361 quirectevivendii'
432 3295 585 3361 BOMK(?):
601 3297 703 3348 vivendi
708 3298 754 3363 qui
760 3305 818 3348 recte
826 3296 892 3362 αβγ’.
