2309 3684
140 190 160 243 4
318 170 502 231 HORATI
516 169 849 232 EPISTULARUM
901 165 938 248 [I.
958 183 1036 241 17·-

138 313 251 375 virtutis
268 333 358 375 verae
378 327 478 376 custos
498 314 668 393 rigidusque
689 316 814 388 satelles,

139 431 221 472 nunc
241 411 272 471 in
292 411 436 489 Aristippi
455 413 555 472 furtim
576 424 736 489 praecepta
759 413 876 472 relabor

140 518 170 567 et
190 506 263 566 mihi
282 525 330 566 res
350 526 413 567 non
433 527 483 567 me
502 510 591 568 rebus
612 507 789 584 subiungere
809 526 910 571 conor.

141 606 186 665 Ut
205 623 265 664 nox
283 604 374 680 longa
385 604 500 705 quibus
520 603 663 664 mentitur
681 603 778 664 amica
797 603 920 679 diesque
998 623 1035 660 20

140 702 229 778 longa
247 700 363 761 videtur
382 720 457 778 opus
477 701 665 775 debentibus,
686 712 719 770 ut
739 700 821 779 piger
840 721 935 762 annus

141 796 259 875 pupillis
279 815 354 873 quos
374 797 448 875 dura
467 797 575 874 premit
596 797 732 857 custodia
752 809 885 882 matrum,

142 891 184 951 sic
204 891 276 951 mihi
297 886 381 951 tarda
400 870 501 952 fluunt¹
516 888 689 973 ingrataque
706 903 842 989 ternpore
859 911 935 969 quae
952 911 1037 970 spem
1050 872 1102 943 s
1130 934 1133 941 «

141 988 356 1066 consiliumque
376 999 528 1048 morantur
547 988 655 1065 agendi
675 989 788 1059 naviter
806 987 839 1048 id
859 990 942 1065 quod
978 966 1025 1038 ts

142 1104 236 1161 aeque
256 1083 434 1162 pauperibus
453 1085 584 1161 prodest,
606 1085 804 1163 locupletibus
824 1105 927 1163 aeque,
999 1102 1034 1160 25
1055 1095 1058 1103 ’

141 1201 235 1258 aeque
255 1184 425 1259 neglectum
442 1180 541 1259 pueris
562 1179 742 1258 senibusque
761 1180 891 1269 nocebit.

143 1281 247 1338 Restat
264 1288 298 1338 nt
315 1278 361 1337 his
377 1296 433 1353 ego
451 1296 500 1337 me
514 1276 582 1355 'ipse
600 1294 700 1362 regam
718 1262 853 1376 solerque
872 1277 1042 1357 elementis„

143 1376 215 1434 Non
234 1374 328 1461 possis
349 1375 437 1433 oculo
458 1385 603 1449 quantum
623 1372 802 1432 contendere
824 1360 968 1449 Lynceus,

142 1488 203 1529 non
225 1481 324 1543 tamen
344 1467 456 1530 idcirco
476 1479 649 1555 contemnas
669 1467 927 1544 lippusvinnngui3

143 1585 208 1638 nec,
230 1565 299 1643 quia
319 1567 456 1644 desperes
476 1565 578 1625 invicti
599 1565 731 1625 membra
751 1562 902 1641 Glyconis,
995 1580 1036 1639 30

143 1664 259 1724 nodosa
279 1683 386 1741 corpus
407 1663 483 1724 nolis
503 1662 660 1740 prohibere
679 1663 824 1738 cheragra

147 1763 201 1821 Est
221 1764 349 1837 quadam
370 1750 493 1839 prodire*
508 1768 604 1833 tetrus,
626 1758 651 1820 si
671 1778 732 1819 non
748 1760 839 1819 datur
858 1759 940 1818 ultra

145 1860 249 1919 Fervet
269 1858 390 1919 avaritia
409 1858 576 1935 miserqque
597 1856 737 1935 cupidine
756 1867 879 1934 pectus:

145 1966 212 2016 sunt
231 1957 321 2041 verba
339 1967 371 2016 et
390 1976 479 2017 voces
500 1957 607 2033 quibus
627 1957 706 2015 hunc
725 1953 817 2015 lenire
837 1953 970 2013 dolorem
1047 1999 1050 2003 »

145 2051 240 2130 pessis
260 2065 291 2115 et
310 2073 449 2132 magnam
470 2053 565 2116 morbi
587 2055 737 2132 deponere
757 2064 880 2129 partem.
1000 2067 1036 2126 35

146 2151 256 2213 Laudis
275 2171 376 2213 amore
397 2156 510 2219 trtrnes‘:
532 2161 601 2213 sunt
620 2162 700 2213 certa
718 2149 836 2228 piacula
855 2168 933 2227 quae
952 2159 982 2209 te

146 2259 189 2308 ter
204 2246 281 2358 purq
294 2248 379 2308 ‘lecto
399 2260 538 2334 poterunt
558 2268 688 2310 recreare
706 2248 816 2311 libello}

145 2345 278 2430 Invidus,
299 2344 466 2419 iracundus,
488 2348 574 2420 iners,
595 2348 726 2421 vinosus,
748 2356 870 2439 apator,

146 2462 234 2505 nemo
254 2444 331 2505 adeo
352 2445 428 2509 serus
449 2455 546 2505 estut
566 2464 629 2505 non
649 2445 803 2506 mitescere
821 2441 924 2521 possit,

146 2543 171 2603 si
191 2544 283 2604 modo
303 2545 435 2614 culturae
455 2542 619 2622 patientem
639 2544 812 2603 commodet
830 2560 940 2602 aurern.
999 2561 1038 2612 40

146 2639 246 2701 Virtus
268 2651 312 2701 est
331 2639 435 2700 vitium
455 2642 556 2727 fugere
576 2652 607 2701 et
627 2640 771 2718 sapientia
791 2638 887 2718 prima
1048 2694 1052 2703 ,

147 2736 269 2797 stultitia
288 2736 424 2798 caruisse.
449 2727 576 2813 Wides'
592 2756 668 2815 quae
688 2737 819 2797 'maxima
837 2734 933 2807 credis
1041 2724 1046 2737 i

147 2834 318 2905 esse'mala,
340 2833 478 2923 exignum
499 2854 622 2895 censum
634 2827 816 2917 turpemque
835 2832 989 2907 repulsam,

146 2941 258 3006 quanto
279 2929 392 2991 devites
412 2930 502 2990 animi
523 2930 692 3037 capitisquq
707 2930 826 3003 labore3
934 2911 941 2928 ’

146 3025 261 3103 inpiger
281 3037 428 3087 extremos
448 3022 538 3088 cur'ris
558 3037 703 3089 mercator
722 3029 762 3088 ad
782 3027 907 3099 Indos‚¹
998 3040 1037 3101 45

195 3222 235 3271 28.
257 3224 324 3273 oculo
335 3223 360 3272 ω’
369 3220 467 3278 OKM:
484 3228 562 3277 oculos
573 3228 604 3276 B.
658 3242 696 3293 32'.
719 3194 827 3294 piendam
838 3225 909 3292 o'ss'y'
920 3187 1037 3280 OKMn:

146 3305 250 3369 quodam
261 3303 360 3368 α”β’γ”.
