2309 3684
44 206 46 210 ·
103 200 182 278 '³4
249 188 781 260 norxrrnrrsrarxrmr
798 188 913 278 prun
931 174 1010 270 ηιμ

35 330 38 337 ’
112 348 197 406 Alter
216 363 399 422 purpureum
420 361 483 403 non
505 341 688 437 exspectabit
707 340 859 416 amictum,

112 441 258 520 quidlibet
276 441 398 502 indutus
418 424 609 501 celeberrima
628 457 682 516 per
700 439 768 498 loca
786 438 884 514 vadet,

17 571 21 580 ,
112 558 331 631 personamque
350 540 423 598 feret
442 556 505 597 non
525 535 725 595 inconcinnus
745 545 916 614 utramque:

25 656 28 664 ·
92 639 184 696 ‘alter
205 635 302 696 Mileti
321 645 433 695 textam
454 653 530 694 caue
549 633 634 709 peius
656 641 686 691 et
675 627 795 735 angui
969 652 1009 709 3ο

111 731 215 792 vitabit
235 731 436 808 chlamydem,
458 729 600 790 morietur
618 704 725 837 frigore
744 725 770 788 si
789 746 853 788 non
907 744 942 757 *-

111 828 256 891 rettuleris
275 847 418 905 pannum.
461 807 552 888 Refer
568 836 603 886 et
623 802 688 886 sine
707 823 787 885 vivat
807 824 933 902 ineptus.

112 913 175 988 Res
195 934 357 1013 3ιιιιιῗιιι
376 935 482 1003 captos
502 924 661 986 ostendere
681 921 795 982 civibus
815 922 918 996 hostis,

112 1024 243 1111 attingit
237 1023 357 1084 solium
379 1007 474 1083 10v1sf
481 1031 511 1082 et
530 1017 670 1080 caelestia
689 1028 824 1095 temptat

113 1119 297 1197 Principibus
315 1101 595 1205 placuisse¹¹viris
571 1136 633 1176 non
653 1115 758 1175 ultima
776 1110 841 1175 lans
861 1125 913 1176 est
951 1133 1020 1192 35

113 1220 184 1277 Non
204 1199 296 1303 cuivis
299 1214 431 1324 homini
451 1212 597 1290 contingit
617 1211 699 1273 adire
720 1206 905 1273 Corinthum.

113 1293 195 1375 Sedit
216 1304 267 1392 qui
284 1285 393 1372 timuit¹
406 1329 445 1371 ue
465 1330 527 1371 non
547 1311 735 1371 succederet:
751 1321 828 1370 esto.
942 1294 995 1341 ‘¹
1043 1288 1062 1351 >

114 1409 217 1486 Quid?
249 1407 301 1487 qui
320 1378 463 1485 pervenit,
485 1379 593 1467 fecitne
613 1384 754 1466 viriliter?
782 1405 876 1485 Atqui

113 1508 162 1567 hic
189 1520 246 1569 est
250 1512 314 1567 aut
340 1523 488 1582 nusquam
515 1502 599 1580 quod
628 1501 807 1580 quaerimus
850 1500 912 1563 Hic
933 1523 1010 1563 onus
1054 1568 1056 1571 ,

193 1605 300 1675 horret,
1099 1678 1102 1681 Ι

114 1710 148 1760 ut
167 1686 263 1776 parvis
284 1696 390 1758 animis
409 1708 441 1758 et
458 1716 551 1776 parvo
572 1715 694 1774 corpore
714 1696 823 1757 maius:
930 1767 937 1775 ι
972 1718 1010 1770 40

114 1795 162 1855 hic
183 1795 262 1855 subit
282 1782 312 1855 et
332 1795 447 1872 perfert
490 1796 552 1853 Aut
572 1792 663 1853 virtus
683 1812 796 1855 nornen
816 1793 942 1868 inanest,

114 1903 165 1952 aut
186 1892 277 1952 decus
299 1901 328 1952 et
348 1882 487 1968 pretium¹¹
494 1901 574 1950 recte
595 1878 669 1967 petit
690 1890 844 1966 experiens
864 1890 915 1952 vir.
934 1927 972 1939 ‘-

115 1978 224 2050 Coram
244 1978 321 2064 rege
333 2005 386 2046 sua
406 1987 444 2047 de
464 1996 638 2063 paupertate
658 1997 790 2047 tacentes

115 2086 182 2162 plus
202 2094 346 2160 poscente
364 2084 467 2144 ferent
510 2082 609 2142 Distat
630 2102 767 2144 sumasne
787 2084 933 2161 pudenter

115 2201 154 2240 an
174 2179 282 2273 rapias:
299 2176 384 2256 atqui
404 2156 546 2239 reruni
521 2190 611 2283 eaput
631 2180 690 2240 hoc
710 2192 781 2253 erat,
803 2181 852 2241 hic
872 2184 1006 2243 fons‘
971 2201 1008 2259 45

116 2280 275 2339 ‘Indotata
296 2277 368 2336 mihi
388 2297 470 2338 soror
491 2272 552 2351 est‚'·
566 2280 747 2354 paupercula
766 2289 869 2353 mater,

115 2386 146 2436 et
165 2377 275 2435 fundus
295 2393 351 2434 nec
371 2374 530 2434 vendibilis
551 2394 609 2433 nec
628 2393 749 2502 pascere
769 2377 882 2436 firmus'

115 2470 168 2550 qui
183 2462 268 2546 dicit,
287 2473 399 2532 'clamat
420 2472 544 2531 ‘victum
565 2448 668 2532 datef’
693 2472 824 2533 Succinit
844 2476 919 2536 alter

117 2576 159 2630 ‘et
180 2569 270 2629 mihit'
273 2568 394 2661 dividuo
414 2570 543 2630 findetur
562 2588 685 2657 munere
706 2570 826 2646 quadra

116 2668 176 2727 Sed
196 2664 302 2749 tacitus
322 2657 411 2743 pasci
414 2665 451 2726 si
471 2677 572 2753 posset
593 2685 709 2739 corvus
708 2644 719 2705 ι
731 2668 854 2728 haberet
973 2688 1011 2748 50

117 2768 183 2842 plus
204 2754 304 2841 dapis
311 2775 342 2825 et
361 2764 440 2824 rixae
460 2767 555 2827 multo
576 2765 675 2824 minus
696 2763 902 2842 invidiaeque

118 2854 307 2920 Bru‘ndisiurn
328 2846 430 2920 comes
450 2871 501 2921 aut
521 2864 695 2922 Surrentum
716 2862 822 2921 ductus
842 2881 1001 2924 amoenum

118 2960 170 3037 qui
190 2950 358 3047 queritur
339 2947 477 3019 salebras
490 2970 521 3020 et
537 2940 681 3019 acerbum
701 2942 797 3036 frigus
812 2969 842 3021 et
862 2960 971 3037 imbris,

118 3063 170 3116 'aut
188 3048 515 3129 ιιειιιιὴιιιιιιιιιιιιι
535 3056 682 3115 subducta
700 3054 808 3115 viatica
826 3057 965 3132 plorat,

117 3162 190 3211 nota
208 3155 296 3213 refert
314 3130 550 3213 ιιιὲιιιιιιιε
494 3153 641 3227 acumina,
663 3172 752 3231 saepe
772 3155 918 3227 catellam,
974 3173 1010 3234 55

169 3282 208 3335 3ο
236 3273 317 3336 ungui
330 3273 440 3324 Priscian
458 3274 523 3323 BM:
547 3272 628 3338 tingue
645 3273 669 3322 ω’
689 3272 748 3363 OK
814 3290 855 3339 43.
882 3292 929 3325 sua
946 3269 1012 3357 BM:

122 3368 195 3403 sucu
195 3350 270 3402 'OK
389 3358 392 3366 '
450 3363 453 3368 '
