2309 3684
113 194 152 252 60
295 191 424 253 ΗΘΚΛ
429 193 480 251 TI
499 189 838 250 EPISTULARUM.
875 186 929 270 [II.
947 209 1013 250 200.

114 358 190 399 nave
208 339 283 398 ferar
301 357 410 415 magna
430 357 469 397 an
490 356 589 414 parva,
609 337 685 396 ferar
705 354 782 395 unns
802 345 833 395 et
846 334 935 395 idem.
957 354 1016 394 200
1047 365 1052 370 ·
1104 349 1107 354 ’

115 438 187 496 Non
208 436 322 512 agimur
342 434 463 494 tumidis
483 436 556 495 velis
577 435 718 518 afflue
738 434 881 508 secundo,
1075 429 1078 432 “

115 552 178 592 non
198 542 299 592 tamen
321 532 452 594 adversis
472 543 602 592 aetatem
623 531 761 592 ducimus
782 530 896 619 anatis,

114 629 234 701 viribus,
256 629 385 705 ingenio,
407 629 514 705 specie,
536 629 654 701 virtute,
676 629 754 700 loen,
776 647 809 689 re
832 615 837 618 ’

116 726 237 785 extremi
257 727 428 802 primorum,
451 725 591 784 extremis
612 743 707 800 usqne
730 725 851 800 priores.
1064 761 1070 765 -
1145 725 1146 780 i

117 825 188 883 Non
201 841 233 882 es
247 842 364 884 avarus:
385 823 442 892 abi.
479 823 582 898 Quid?
597 833 696 897 cetera
708 823 767 881 iam
781 822 869 881 simul
883 822 940 882 isto
957 837 1015 899 205

117 939 187 979 cum
207 921 280 980 vitio
302 923 425 997 sugere?
447 921 536 980 Caret
556 921 611 980 tibi
632 931 739 996 pectus
759 921 840 980 inani

71 1097 73 1099 q
118 1014 302 1077 ambitione?
321 1018 411 1078 Caret
432 1015 535 1076 mortis
555 1014 714 1077 formidine
734 1025 764 1074 et
743 1013 939 1124 ,ἰωὴ

117 1114 247 1186 Somnia,
269 1121 393 1173 terrores
397 1111 553 1215 magicos,
575 1079 782 1186 miraculae
743 1099 842 1188 sagas,

117 1222 279 1271 nocturnos
298 1181 425 1270 lebiures
444 1220 644 1286 portentaque
664 1210 809 1269 Thessala
828 1208 928 1269 rides?

118 1305 234 1368 Natalis
253 1317 335 1385 grate
356 1308 517 1367 numeras?
536 1303 672 1383 Ignoscis
692 1304 819 1365 amicis?
902 1339 905 1345 «
959 1322 1017 1361 210

119 1402 230 1463 Lenior
249 1412 279 1463 et
301 1403 405 1463 melior
426 1403 462 1461 fis
482 1402 646 1463 accedente
666 1400 809 1461 senecta?

121 1501 202 1576 Quid
222 1511 252 1561 te
273 1511 412 1577 exempta
430 1500 509 1559 levat
529 1497 621 1576 spinis
643 1499 682 1560 de
703 1498 837 1575 pluribus
857 1499 939 1558 nna?

120 1600 228 1659 Vivere
248 1598 272 1657 si
292 1609 373 1658 recte
393 1596 499 1668 nescis,
520 1597 635 1656 decede
655 1596 765 1671 peritis.
1145 1655 1146 1676 ,

122 1696 230 1756 Lusisti
250 1697 329 1768 satis,
350 1693 439 1756 edisti
458 1695 529 1755 satis
549 1704 639 1770 atque
659 1693 778 1753 bibisti:
1120 1679 1146 1750 si

121 1805 239 1871 tempus
258 1792 339 1853 abire
358 1792 413 1852 tibi
434 1801 488 1863 est,
510 1810 550 1851 ne
570 1802 676 1867 potum
697 1790 805 1866 largius
824 1807 922 1865 aequo
960 1804 1015 1865 215
1072 1741 1101 1879 ss
1145 1779 1146 1784 ’

122 1891 216 1951 rideat
235 1902 265 1951 et
283 1891 384 1981 pnlset
403 1890 512 1948 lasciva
532 1887 686 1948 decentius
705 1898 794 1946 aetas.
1030 1915 1059 1981 3·

333 2087 388 2124 212.
420 2071 484 2123 levat
493 2070 563 2125 5·Βο
583 2087 591 2123 r
608 2070 680 2120 iuvat
691 2063 781 2119 n'KM.
