2309 3684
389 868 427 945 Q.
457 869 625 934 uoueri
653 869 804 935 rmccr

310 1024 882 1121 EPISTULARUM

443 1228 553 1278 LIBER
575 1228 779 1280 SECUNDUS.

588 1401 613 1461 1.

44 1546 49 1553 ’
143 1529 223 1589 Cum
238 1512 290 1588 ‘tot
311 1528 454 1588 sustineas
469 1536 506 1588 et
525 1537 608 1588 tanta
628 1529 747 1605 negotia
767 1529 855 1601 solus¹

141 1645 189 1686 res
211 1627 304 1685 Italas
322 1627 413 1685 armis
433 1626 544 1697 tuteris,
566 1626 698 1684 moribus
718 1644 814 1696 ornes,
1050 1696 1052 1701 ‚

141 1724 259 1800 legibus
279 1725 430 1803 emendes,
452 1723 483 1780 in
503 1722 624 1798 publica
643 1723 804 1781 commoda
822 1741 954 1798 peccem,
1023 1728 1025 1732 ’

142 1823 169 1880 si
189 1823 281 1898 longo
304 1839 441 1881 sermone
460 1839 556 1879 morer
576 1830 628 1878 tua
648 1829 790 1896 tempora,
813 1822 929 1883 Caesar.
999 1890 1001 1896 Ι

143 1919 292 1978 Romulus
312 1929 342 1978 et
363 1919 452 1979 Liber
472 1927 555 1993 pater
575 1925 605 1975 et
625 1935 694 1975 cum
716 1917 838 1979 Castore
859 1918 973 1988 Pollux,
995 1916 1001 1925 ’
1026 1912 1053 1997 5'

143 2025 213 2090 post
233 2016 364 2092 ingentia
383 2017 461 2079 sacta
481 2015 604 2073 deorum
625 2014 656 2071 in
676 2014 789 2089 templa
807 2013 927 2088 recepti,
956 2015 967 2084 J

142 2111 218 2170 dum
237 2121 328 2171 terras
347 2112 562 2188 hominumque
583 2111 686 2170 colunt
706 2130 808 2189 genus,
829 2130 933 2189 aspera
946 2111 1031 2177 ¹bella
1050 2106 1052 2115 '

144 2220 339 2284 componunt,
362 2227 447 2287 agros
468 2208 635 2284 adsignant,
656 2206 768 2283 oppida
788 2206 931 2278 condunt,
958 2213 960 2215 ’

143 2303 294 2379 ploravere
314 2304 373 2365 suis
395 2323 456 2364 non
475 2303 656 2379 respondere
676 2303 807 2361 savorem

145 2408 293 2473 speratum
313 2397 431 2456 meritis.
475 2398 578 2455 Di'ram
599 2397 651 2472 qui
671 2397 807 2457 contudit
827 2397 950 2472 hydram
1007 2415 1048 2473 ιο,

144 2503 275 2569 notaque
294 2494 375 2552 fatali
395 2502 534 2570 portenta
554 2494 657 2552 labore
676 2493 803 2569 subegit,

58 2634 68 2663 ,ι
81 2583 289 2666 ‘comperit
307 2589 449 2659 invidiam
469 2608 606 2665 supremo
618 2589 686 2647 Tfine
707 2589 829 2647 domari.
882 2620 885 2623 Ἴ
965 2667 968 2677 ¹

33 2714 41 2723 ·
145 2686 214 2745 Urit
234 2687 314 2746 enim
334 2687 447 2762 fulgore
468 2704 522 2745 suo
543 2686 595 2761 qui
615 2694 786 2761 praegravat
807 2684 904 2742 artisa
961 2692 983 2713 ¹
1006 2700 1012 2733 ι

86 2814 90 2821 -
143 2783 220 2842 infra
239 2801 271 2845 se
291 2784 437 2893 positas:
443 2793 492 2842 ext
481 2783 590 2841 tinctus
610 2781 757 2847 amabitur
776 2780 864 2839 idem

145 2880 296 2940 Praesenti
317 2881 372 2941 tihi
391 2851 522 2939 mahiros
542 2879 680 2955 largimur
700 2878 827 2936 honores
1008 2892 1043 2951 ις

143 2977 341 3086 iurandasque
361 2986 446 3034 tuum
466 2994 519 3055 per
539 2994 651 3035 numen
671 2975 871 3051 ponimus
830 2990 902 3041 aras

142 3075 186 3132 nil
206 3064 347 3165 oriturum
367 3074 449 3149 alias,
470 3074 512 3131 nil
532 3080 629 3133 ortum
649 3073 708 3130 tale
728 3073 862 3129 latentes

192 3225 276 3281 1-6.
300 3227 374 3298 sacto
390 3226 520 3279 oOMK·
534 3225 645 3291 fatoB
719 3221 757 3277 16
791 3238 884 3271 nunun
901 3229 925 3272 s·
940 3223 1042 3273 BMK:

143 3324 233 3359 nomm
249 3302 305 3360 S'O.
478 3340 480 3343 v

265 3440 274 3471 Ι

272 3626 277 3633 -
298 3622 343 3637 ..a-
