2309 3684
124 206 173 276 54⁶
306 198 486 264 Horum
508 198 845 264 EPISTULARUM
899 194 937 284 [t.
954 206 1034 278 7⁶-

135 349 279 426 Indignor
298 345 456 427 quicquam
473 351 661 428 reprehendi,
680 364 745 424 non
764 351 836 427 quia
854 364 952 411 crasse

132 447 323 521 conpositum
344 447 512 522 inlepidum
533 457 662 523 putetur,
680 446 737 506 sed
757 448 828 522 quia
844 460 952 522 nuper,

133 559 190 602 nec
209 545 326 603 veniam
346 547 483 622 antiquis,
499 546 553 605 sed
568 540 718 605 bonorem
738 556 769 605 et
788 546 919 622 praemia
938 545 1031 621 posci.

134 640 235 700 Recte
245 656 348 726 9392}
364 656 487 702 (uocum
508 642 655 719 floresque
674 644 861 719 perambulet
881 645 972 702 Attae

132 738 276 797 fabulosi
297 739 439 811 dubitem,
459 739 592 798 clament
612 740 735 815 periisse
755 740 900 815 pudorem
989 740 1032 797 uo
1149 750 1150 767 ¹

132 836 233 894 cuncti
253 850 350 911 paene
369 844 475 911 patres,
496 850 533 895 ee
549 852 622 895 oum
638 838 857 913 ‘reprehendere
876 852 968 897 coner
1089 898 1092 903 .

132 948 210 1010 quae
230 935 324 1010 gravis
344 930 491 1011 Aesopus,
513 948 589 1011 quae
606 936 716 995 doctus
737 937 865 996 Roscius
885 938 963 1012 egit3

130 1032 178 1090 vel
199 1032 268 1107 quia
288 1031 330 1090 nil
348 1043 470 1104 rectum,
489 1033 549 1090 nisi
566 1033 652 1108 quod
672 1030 787 1109 placuit
802 1035 867 1105 srbi,
886 1036 1011 1106 ducunt,

130 1128 178 1188 vel
198 1128 268 1206 quia
286 1136 373 1220 turpe
391 1134 500 1213 putant
518 1144 623 1225 parere
642 1131 804 1190 minoribus
820 1140 856 1192 et
875 1148 953 1209 quae

131 1224 278 1285 imberbes
299 1224 431 1286 didicere
451 1243 537 1285 senes
556 1215 711 1316 perdenda
729 1228 822 1288 fateri.
924 1242 930 1249 ·
993 1226 1029 1304 85

131 1324 198 1381 Iam
218 1323 327 1381 Saliare
347 1320 467 1382 Numae
487 1300 607 1383 carmen
626 1325 679 1400 qui
579 1296 802 1384 &laudat
821 1335 851 1385 et
870 1322 944 1386 illud
1040 1339 1042 1341 ’

117 1400 213 1531 (quod
233 1406 352 1478 mecum
372 1404 496 1511 ignorat)
505 1422 587 1480 solus
605 1423 669 1481 volt
688 1421 763 1481 scire
781 1422 884 1495 videri,

130 1516 340 1592 ingeniis‘nnn
360 1517 410 1576 ille
430 1518 511 1576 lavet
530 1518 708 1593 plauditque
727 1518 859 1594 sepultis,

129 1623 231 1672 nostra
250 1614 303 1673 sed
322 1614 473 1690 inpugnat,
493 1629 551 1673 nos
567 1624 730 1690 nostraque
749 1615 857 1673 lividus
876 1615 949 1675 odit.

131 1708 248 1783 Quodsi
266 1716 328 1768 tarn
348 1710 471 1769 Graecis
489 1710 607 1769 novitas
627 1710 722 1769 invisa
740 1710 843 1770 suisset
855 1750 890 1762 -ν
992 1732 1030 1787 90

43 1823 44 1827 ¹
131 1824 221 1882 quam
240 1807 328 1866 nobis
329 1806 425 1882 ,quid
444 1822 525 1866 nunc
545 1815 624 1866 esset
643 1817 728 1866 vetus
744 1817 799 1866 aut
815 1807 889 1883 quid
908 1807 1031 1868 heberet

131 1903 213 1977 quod
232 1903 343 1981 legeret
353 1912 528 1991 tereretque
545 1905 657 1963 viritim
677 1905 816 1980 publicus
836 1904 929 1965 usus?

130 2000 175 2059 Ut
194 2000 321 2085 primum
341 2002 446 2089 positis
467 2001 569 2077 nugari
590 2001 717 2061 Graecia
736 2000 822 2060 bellis

129 2086 229 2172 coeprt
249 2107 285 2156 et
298 2097 330 2154 in
349 2067 455 2155 vitibin
474 2084 604 2155 fortuna
600 2068 747 2155 labierl
724 2091 828 2170 aequa,

130 2212 210 2253 nunc
230 2162 406 2253 athletarum
426 2193 539 2265 studiis,
559 2208 642 2252 nunc
662 2194 731 2253 arsit
751 2207 904 2269 equorum,
992 2209 1029 2269 95

130 2290 282 2349 marmoris
303 2299 356 2348 aut
373 2291 472 2349 eboris
492 2276 591 2367 fajpos
613 2300 665 2349 aut
684 2290 759 2350 aeris
778 2290 898 2362 amavlu

130 2387 283 2463 suspendit
302 2387 382 2463 picta
402 2388 516 2447 voltum
537 2398 729 2462 mentemque
750 2387 868 2458 tabella,

128 2504 209 2545 nunc
227 2482 406 2558 tibicinibus,
426 2502 508 2544 nunc
528 2495 574 2545 est
593 2486 694 2561 gavisa
713 2484 861 2560 tragoedis
870 2500 881 2559 ς

128 2584 185 2643 sub
205 2584 319 2644 nutrice
338 2583 439 2660 puella
458 2584 541 2642 velut
560 2583 585 2641 si
606 2582 722 2642 luderet
741 2581 848 2654 infans,

128 2678 212 2752 quod
231 2675 340 2753 cupide
358 2674 453 2753 petiit,
475 2685 589 2734 mature
608 2676 699 2751 plena
716 2673 841 2751 reliquit.
972 2693 1029 2733 roo

129 2774 201 2833 Hoc
221 2790 309 2849 paors
329 2772 460 2832 babueie
481 2773 580 2832 bonae
599 2771 741 2849 ventique
761 2768 892 2831 secundi.
971 2790 1027 2830 102

127 2871 246 2931 Romae
266 2871 354 2930 dulce
375 2871 427 2929 diu
448 2869 503 2929 fuit
521 2880 554 2930 et
572 2870 720 2929 sollemne
739 2871 854 2929 reclusa

126 2984 216 3030 mane
236 2969 328 3028 domo
346 2966 475 3044 vigilare,
497 2967 598 3027 clienti
618 2985 753 3051 promere
773 2966 845 3039 iura,
866 2990 868 2995 ’

127 3074 230 3121 cautos
251 3063 422 3124 nominibus
442 3057 529 3125 rectis
549 3065 718 3141 expendere
737 3081 885 3136 nummos,
970 3079 1026 3138 105

178 3266 218 3326 85.
253 3266 366 3319 imberbes
381 3267 452 3318 uolt
467 3267 589 3318 :imberbi
597 3268 658 3320 ΒΜ.
725 3278 766 3334 90.
786 3265 884 3318 err‘s
900 3266 1030 3321 uOMK:

134 3343 220 3392 Graiis
236 3345 266 3393 Β.
365 3358 420 3412 105.
455 3356 538 3400 cautos
551 3348 653 3401 oOMK
673 3369 679 3402 ι
696 3351 797 3416 scaptos
813 3351 842 3405 B.
