2309 3684
145 187 169 246 1.
189 182 272 266 190.]
485 188 627 249 LIBER
654 191 701 252 II.
1004 209 1041 266 49
1141 164 1142 167 Ἴ

146 330 220 407 quid
238 332 402 408 Sophocles
421 343 451 394 et
468 334 598 412 Thespis
612 346 644 396 et
660 336 824 415 Aeschylus
841 334 914 397 utile
927 339 1040 402 ferrent.

146 427 319 503 Temptavit
338 447 459 506 quoque
478 449 550 506 rem,
574 429 599 490 si
619 430 709 508 digne
728 442 839 493 vertere
858 444 968 509 posset,

147 534 179 584 et
197 523 310 600 placuit
329 525 385 585 sibi
405 537 510 586 natura
528 527 663 588 sublimis
682 538 713 588 et
733 548 820 589 acer:
987 531 1041 605 165

146 639 218 679 nam
238 619 330 697 spirat
350 621 493 698 tragicum
512 623 585 683 satis
605 635 635 684 et
655 623 777 709 feliciter
796 626 895 698 audet,

148 717 202 778 sed
221 727 338 795 turpem
357 729 443 796 putat
462 718 568 781 inscite
589 706 754 797 metuitque
774 721 899 782 lituram

149 813 295 888 Creditur,
316 833 353 875 ex
372 814 474 876 medio
494 816 566 893 quia
586 836 633 878 res
653 818 781 891 arcessit,
803 820 913 878 habere

149 910 265 971 sudoris
284 910 451 986 minimum,
471 915 526 974 sed
544 914 637 975 habet
656 915 813 975 comoedia
832 925 915 975 tanto

148 1008 217 1085 plus
227 1007 326 1067 oneris
335 1020 448 1085 quanto
458 1008 563 1070 veniae
573 1009 680 1071 minus.
704 1009 835 1086 Adspice
846 1011 967 1069 Plautus
988 1028 1043 1083 170

149 1123 210 1181 quo
229 1102 319 1182 pacto
339 1104 431 1181 partis
451 1116 562 1166 tutetur
581 1106 707 1166 amantis
727 1104 844 1189 ephebi,

148 1210 182 1260 ut
202 1199 294 1277 patris
313 1201 428 1285 attenti,
449 1203 566 1263 lenonis
586 1214 620 1263 ut
638 1202 782 1276 insidiosi,

148 1307 279 1373 quantus
299 1296 336 1358 sit
357 1299 532 1358 Dossennus
552 1298 693 1359 edacibus
712 1300 744 1358 in
764 1298 909 1377 parasitis,
944 1346 946 1353 .

149 1413 241 1470 quam
261 1412 324 1454 non
343 1394 485 1455 adstricto
504 1406 653 1472 percurrat
673 1395 787 1472 pulpita
806 1413 902 1456 socco.

149 1490 335 1552 Gestitenim
343 1491 538 1552 nummumin
547 1492 661 1553 loculos
669 1491 832 1564 demittere,
842 1494 976 1570 posthoc
989 1507 1042 1566 175

149 1607 271 1648 securus
290 1591 379 1650 cadat
398 1608 437 1649 an
457 1600 539 1649 recto
559 1599 617 1648 stet
637 1590 737 1649 sabula
755 1591 824 1667 talo.

151 1685 251 1759 Quem
271 1683 338 1744 tulit
357 1686 396 1745 ad
415 1704 553 1744 scaenam
573 1696 698 1744 ventoso
718 1685 811 1761 gloria
829 1703 925 1757 curru,

150 1779 298 1841 exanimat
318 1782 414 1841 lentus
434 1791 589 1857 spectator,
610 1782 730 1841 sedulus
750 1780 850 1842 inflat:

151 1878 194 1938 sic
210 1879 286 1950 leve,
299 1877 343 1937 sic
360 1897 482 1954 parvum
499 1888 552 1950 est,
567 1878 700 1937 animum
718 1879 801 1953 quod
819 1874 913 1936 laudis
926 1872 1053 1937 avarum

151 1976 264 2035 subruit
283 1985 336 2034 aut
354 1974 455 2034 reficit
478 1946 604 2057 ffaleat
623 1993 669 2033 res
689 1973 809 2046 ludicra,
831 1972 857 2032 si
877 1991 926 2033 me
990 1975 1045 2029 180

152 2072 251 2149 palma
270 2081 378 2148 negata
397 2089 537 2145 macrum,
559 2072 671 2131 donata
689 2069 804 2130 reducit
822 2068 964 2146 opimum.

151 2169 248 2244 Saepe
268 2167 357 2228 etiam
376 2169 523 2230 audacem
543 2169 625 2250 fugat
644 2168 704 2226 hoc
722 2152 869 2242 terretque
888 2177 1016 2242 poetam,

152 2265 235 2340 quod
255 2282 379 2325 numero
399 2265 507 2341 plures,
527 2263 634 2323 virtute
654 2273 684 2322 et
703 2263 816 2322 honore
836 2262 973 2333 minores,

152 2361 267 2421 indocti
286 2361 446 2439 stolidique
465 2372 496 2422 et
515 2360 684 2437 depugnare
703 2359 798 2436 parati

153 2455 178 2516 si
197 2455 347 2518 discordet
366 2476 466 2533 eques,
484 2444 585 2516 media
601 2455 677 2515 inter
694 2454 825 2514 carmina
841 2464 967 2531 poscunt
991 2456 1052 2528 185·

112 2586 117 2593 ·
153 2563 205 2613 aut
224 2571 325 2612 ursum
344 2563 396 2612 aut
415 2552 547 2635 pugiles:
570 2552 617 2611 his
636 2570 707 2610 nam
727 2552 883 2627 plebecula
900 2551 1017 2625 gaudet.

154 2651 264 2708 Verum
283 2647 391 2725 equitis
404 2667 523 2727 quoqne
540 2647 601 2707 iam
620 2645 755 2723 migravit
772 2647 811 2705 ab
824 2664 895 2705 aure
912 2647 1048 2721 voluptas

154 2744 253 2804 omnis
270 2732 309 2804 ad
329 2744 456 2805 incertos
476 2745 579 2804 oculos
600 2753 631 2803 et
650 2740 758 2818 gaudia
776 2760 863 2800 vana

155 2840 304 2914 Quattuor
322 2851 373 2899 aut
393 2839 483 2918 pluris
503 2841 607 2899 aulaea
625 2848 799 2915 premuntur
817 2837 849 2896 in
869 2837 965 2908 horas,

155 2936 227 2995 dum
238 2934 354 3013 fugiunt
362 2936 494 3013 equitum
506 2947 619 2995 turmae
629 2932 821 3010 peditumque
830 2941 978 3016 catervam
993 2950 1048 3006 190

205 3083 260 3148 167.
292 3086 377 3136 inscite
387 3085 492 3136 S'OMK
510 3103 518 3134 1
534 3083 669 3135 inscitusB
689 3082 743 3132 :in
758 3081 855 3145 scriptis
866 3087 896 3130 ς’.
995 3090 1048 3136 180,

153 3170 201 3214 aut
221 3163 330 3213 u‘OMK
350 3181 357 3213 1
373 3180 402 3213 ac
422 3164 453 3211 Β.
608 3158 661 3211 186.
691 3159 781 3222 gaudet
798 3158 911 3219 αβΒΜΚ
930 3161 1051 3222 :plaudet

154 3262 200 3309 γε
210 3244 314 3310 placcat
329 3244 362 3294 0.
452 3247 506 3306 187.
539 3243 628 3307 equitis
644 3239 745 3294 uOMK
764 3257 772 3290 z
788 3239 866 3302 equiti
881 3239 912 3287 Β.
996 3247 1050 3293 188.

155 3327 258 3376 incertos
273 3324 375 3374 oOMK
391 3339 398 3373 ι
416 3324 526 3388 ingratos
543 3325 573 3374 B.

235 3431 270 3474 w.
288 3431 320 3476 11.
949 3428 968 3481 4
