2309 3684
157 209 273 293 v1.9.]
521 211 709 271 crerier
1020 225 1054 280 ιι

162 354 233 441 spes
252 361 333 422 iubet
354 380 419 421 esse
438 364 526 447 ratas,
547 362 588 420 ad
607 357 719 436 proelia
738 356 829 418 trudit
848 355 983 433 inertem,

116 531 119 535 ‚
164 458 295 520 sollicitis
314 448 421 527 animis
429 432 649 530 onrfeximit,
670 457 800 533 addocet
819 454 896 516 artis

164 555 298 617 Fecundi
317 554 426 621 calices
446 573 537 632 quem
557 573 620 614 non
639 551 917 614 ieceredisertum?

164 662 312 712 contracta
332 670 423 728 quern
443 669 505 710 non
525 650 557 709 in
576 659 751 726 paupertate
771 650 921 712 solutum?
1020 669 1057 707 20

163 750 250 808 Haec
271 767 326 825 ego
347 765 501 824 procurare
521 757 553 807 et
571 746 697 807 idoneis
717 745 847 823 imperor
867 757 897 805 et
917 765 979 805 non
1007 775 1042 796 e-

152 843 279 917 *invitus
301 862 339 903 ne
360 852 445 920 turpe
466 844 549 916 toral,
571 862 611 903 ne
631 841 751 902 sordida
770 842 882 920 mappa
976 860 979 869 ·

162 951 296 1018 corruget
316 938 403 1013 naris,
425 959 464 1000 ne
483 926 546 999 non
567 949 598 999 et
618 936 775 1007 tantharus
795 950 826 1000 et
846 941 916 998 lanx

163 1039 309 1117 ostendat„
321 1036 377 1098 tibi
397 1048 436 1110 te,
457 1055 495 1097 ne
515 1037 594 1096 fidos
613 1035 690 1096 inter
709 1036 822 1096 amicos

162 1134 201 1195 sit
220 1134 272 1211 qui
289 1133 373 1205 dicta
391 1135 478 1194 foras
490 1133 632 1205 eliminet,
653 1130 686 1192 u't
706 1144 793 1194 coeat
812 1152 866 1211 par
894 1180 924 1189 ..
1020 1155 1034 1193 2
1039 1153 1054 1212 5

102 1295 105 1303 ,
162 1232 358 1309 iungaturque
377 1231 448 1309 pari.
492 1233 613 1291 Butram
634 1229 689 1291 tibi
709 1230 932 1309 Septiciumque

162 1339 193 1389 et
213 1327 270 1388 nisi
290 1348 366 1389 cena
384 1328 466 1405 prior
484 1326 644 1406 potiorque
663 1330 762 1413 puella
782 1328 926 1411 Sabinum

85 1498 88 1503 ἕ
163 1423 277 1485 detinet
297 1426 460 1491 adsumant,
502 1426 602 1485 Locus
622 1435 667 1485 est
687 1416 725 1486 et*
737 1425 871 1502 pluribus
891 1425 1016 1487 umbris:

163 1524 217 1584 sed
235 1521 324 1582 nimis
344 1533 408 1581 arta
426 1532 566 1599 premunt
587 1522 686 1583 olidae
705 1521 842 1584 convivia
861 1543 974 1600 caprae
1012 1556 1043 1574 υ·
1071 1540 1077 1547 ’

162 1624 212 1681 Tu
232 1630 340 1697 quotus
361 1638 425 1680 esse
445 1619 517 1679 velis
537 1619 665 1680 rescribe
685 1631 716 1681 et
735 1620 823 1681 rebus
843 1621 959 1705 onrissis
1017 1643 1056 1699 30

80 1794 82 1798 Α
163 1712 238 1780 atria
256 1728 422 1780 servantem
441 1712 559 1796 postico
579 1719 648 1779 salle
668 1716 814 1823 clientem

579 2031 634 2089 VI.

169 2174 221 2235 Nil
240 2173 375 2236 admirari
394 2196 487 2263 prope
508 2196 553 2237 res
575 2188 620 2263 est
640 2197 712 2250 unat
730 2177 857 2259 Numici,

166 2273 288 2349 solaque
309 2292 386 2350 quae
405 2273 499 2351 possit
517 2276 615 2336 facere
636 2285 667 2336 et
686 2294 800 2337 servare
820 2279 948 2355 beatum.

167 2370 260 2428 Hunc
280 2370 373 2429 solem
394 2380 424 2430 et
443 2363 543 2431 stellis
564 2380 595 2432 et
614 2373 792 2435 decedentia
811 2374 898 2435 certis

165 2454 477 2542 tempora'momentis
497 2472 566 2527 sunt
586 2467 638 2545 qui
657 2469 815 2532 formidine
834 2473 918 2532 nulla

57 2572 65 2581 ·
98 2646 102 2653 ι
156 2559 272 2621 imbuti
292 2573 433 2651 spectent.
476 2563 557 2639 Quid
576 2584 681 2626 censes
701 2586 825 2628 munera
843 2574 958 2630 terrae?
1040 2588 1056 2646 5

165 2658 239 2736 quid
259 2658 347 2719 maris
367 2671 515 2721 extremos
535 2663 650 2729 Arabas
670 2662 792 2726 ditantis
811 2676 842 2727 et
863 2668 979 2735 Indos?

69 2742 74 2753 ⁴
164 2755 279 2816 ludicra
298 2738 384 2832 quid,
401 2758 522 2834 plausus
542 2771 573 2820 et
593 2759 682 2821 amici
702 2763 784 2822 dona
804 2762 947 2849 Quiritis?

165 2871 227 2928 quo
248 2855 410 2930 spectanda
430 2856 532 2948 morin,
554 2876 614 2932 quo
635 2877 724 2917 sensu
745 2858 839 2933 credis
860 2870 889 2919 et
910 2864 978 2932 ore?

121 3008 124 3011 .
166 2947 228 3024 Qui
247 2949 333 3009 timet
351 2951 398 3010 his
417 2946 549 3024 adversa,
570 2955 631 3013 fere
652 2952 772 3033 miratur
792 2940 950 3015 eodem

217 3126 256 3176 17.
288 3115 390 3167 inmane
410 3115 454 3181 βγ
474 3117 595 3169 ΒΟΚΜι
627 3120 745 3170 inermem
766 3117 820 3184 (ιβ’.
890 3133 928 3184 ι9.
953 3122 1060 3186 secundi

165 3195 238 3260 α’βΎ
248 3196 368 3248 BOKM:
382 3199 493 3264 facundi
501 3199 601 3264 o'ld'y‘fi
667 3192 706 3252 26.
739 3201 1060 3268 Butram...Septiciumq·ue

166 3269 445 3355 5'BOKM:Brutum
455 3282 653 3347 Septimr'umquc.
727 3283 767 3331 28.
799 3280 928 3330 adsumam
940 3283 1058 3332 BOKM:

165 3366 333 3411 adsummam
345 3359 383 3419 ω’,
