2309 3684
94 163 131 220 28
271 159 454 221 aornar
473 160 803 222 EPISTULARUM
830 141 908 242 [ιιι.
927 180 985 220 1-

862 362 874 389 Χ

531 423 599 481 xv.
843 398 918 483 A

92 567 178 642 Quae
198 563 235 626 sit
254 563 371 643 hiemps
391 562 504 637 Veliae,
518 564 602 641 quod
622 563 746 637 caelum,
760 561 845 635 Vela,
860 560 982 633 Salerni,

90 682 215 740 quorum
229 663 384 724 hominum
398 661 479 751 regio
497 672 527 723 et
545 659 700 739 qualisvis
715 659 798 740 (nam
811 660 885 721 milri
898 661 984 723 Baias

90 763 181 822 Musa
200 776 397 871 supervacuas
411 757 639 867 Antoniuq,
594 769 625 818 et
645 767 746 818 tamen
766 758 823 819 illis
929 814 932 823 ,

90 877 140 918 me
159 857 256 919 facit'
247 856 383 931 mvisum,
384 832 504 934 'gelida
522 856 592 915 cuin
612 804 731 932 peilrioi
750 857 832 916 unda
862 858 982 1028 MS

89 973 144 1031 per
163 953 295 1015 medium
315 953 412 1037 frigus.
455 955 533 1013 Sane
552 962 680 1011 murteta
698 944 827 1027 relinqui

89 1050 228 1128 dictaque
247 1062 414 1111 cessantem
434 1048 532 1110 nervis
552 1048 664 1108 elidere
684 1049 823 1107 morbum

88 1148 210 1224 sulpura
228 1146 380 1207 contemni
399 1145 482 1206 vicus
501 1145 602 1223 gemit,
624 1122 784 1205 invidus
763 1143 857 1222 aegris

89 1245 141 1322 qui
160 1257 249 1323 caput
269 1256 299 1307 et
319 1246 508 1306 stomachum
532 1261 702 1320 supponere
720 1241 852 1304 fontibus
872 1244 984 1303 audent

89 1342 217 1404 Clusinis
238 1342 411 1421 Gabiosque
431 1352 536 1420 petunt
556 1351 587 1400 et
606 1339 710 1417 frigida
728 1359 802 1399 rura

89 1442 254 1502 Mutandus
273 1442 359 1501 locus
379 1450 424 1501 est
445 1451 475 1500 et
495 1427 663 1499 deversoria
682 1447 755 1496 nota
824 1488 831 1493 .
947 1457 984 1496 ιο

88 1539 336 1616 praeteragendus
371 1555 473 1614 equus.
530 1536 618 1612 ‘Quo
650 1532 773 1594 tendis?
810 1535 880 1594 Non
911 1533 984 1593 mihi

168 1636 281 1697 Cumas
977 1650 978 1653 ¹

88 1741 134 1792 est
152 1729 208 1792 iter
227 1743 278 1792 aut
299 1729 396 1793 Baias'
417 1732 501 1791 laeva
521 1728 728 1812 stomachosus
747 1726 867 1787 habena

89 1826 168 1889 dicet
187 1847 297 1905 eques:
317 1829 371 1889 sed
392 1826 476 1902 equis
496 1826 611 1886 frenato
632 1831 677 1884 est
697 1823 775 1883 auris
795 1821 827 1882 in
848 1823 910 1901 ore)
916 1845 925 1901 3

88 1922 182 1984 maior
200 1934 300 1984 utrum
319 1923 465 2000 populum
484 1919 625 1981 frumenti
644 1919 733 1996 copia
751 1932 853 1997 pascat
861 1940 872 1995 ;

88 2021 268 2081 collectosne
288 2019 393 2080 bibant
412 2017 513 2080 imbris
533 2027 680 2094 puteosne
699 2002 842 2094 perennis
947 2034 981 2094 15

87 2115 162 2194 iugis
182 2134 279 2193 aquae
299 2114 382 2195 (nam
402 2113 471 2176 vina
490 2113 564 2174 nihil
585 2117 686 2173 mo'ror
705 2112 782 2173 illius
803 2132 880 2195 orae

89 2215 171 2274 Rure
191 2232 259 2274 meo
279 2210 399 2289 possum
419 2211 537 2288 quidvis
557 2212 686 2287 perferre
706 2210 848 2287 patique!

87 2309 127 2369 ad
147 2302 228 2368 niare
247 2326 317 2367 curn
336 2304 412 2383 veni,
436 2326 613 2387 generosum
634 2318 664 2368 et
683 2306 752 2366 lene
770 2304 896 2382 requiro,

88 2406 171 2484 quod
190 2424 275 2465 curas
295 2404 402 2483 abigat,
423 2405 505 2481 quod
525 2423 593 2464 curn
614 2421 669 2480 spe
689 2394 781 2463 divite
800 2411 903 2462 manet

87 2502 119 2563 in
132 2521 222 2563 venas
236 2500 426 2580 animumque
440 2520 551 2575 meum,
567 2500 648 2577 quod
662 2500 754 2559 verba
766 2496 918 2571 ministret,
946 2518 983 2557 20

88 2602 169 2678 quod
189 2619 238 2660 me
259 2601 397 2659 Lucanae
417 2596 555 2659 iuvenem
575 2597 768 2659 commendet
787 2594 913 2674 amicae)
919 2618 929 2671 3

87 2708 196 2758 tractus
216 2706 281 2757 uter
300 2695 392 2773 pluris
412 2697 537 2772 lepores,
559 2705 624 2754 uter
644 2695 754 2755 educet
774 2711 880 2783 apr9s3

88 2805 153 2854 utra
173 2791 266 2870 magis
286 2789 376 2868 piscis
396 2802 426 2851 et
447 2790 570 2851 echinos
591 2810 720 2868 aequora
739 2792 846 2863 celent,

87 2888 204 2966 pinguis
223 2899 256 2948 ut
276 2887 346 2947 inde
367 2888 490 2946 domurn
510 2885 623 2963 possim
644 2888 824 2963 Phaeaxque
844 2883 958 2958 reverti,

136 3062 256 3114 xit-n
287 3064 380 3135 kappus
399 3061 426 3112 ω’
447 3064 493 3115 M:
514 3064 591 3114 aava
612 3063 694 3116 BOK.
762 3076 786 3128 5.
819 3068 927 3112 mur'teta
948 3060 982 3111 ω’.

89 3154 114 3206 7.
145 3143 250 3206 sulpura
261 3144 335 3195 KM:
358 3144 532 3209 sulphuraO:
553 3147 653 3209 sulfura
664 3145 695 3196 B.
775 3159 814 3196 10·
846 3143 984 3194 deversoria

90 3223 244 3275 §Boxnz
264 3225 407 3274 dabersoriu.
474 3242 513 3290 13·
545 3228 613 3292 equis
623 3227 692 3277 BMz
713 3223 805 3292 cquid
816 3224 877 3277 OK·
944 3221 982 3274 16.

89 3306 157 3369 iugis
167 3302 226 3368 οβ’γ
238 3305 340 3356 ΒΟΚΜ
350 3323 357 3356 ι
377 3306 455 3356 dulca‘r
463 3307 504 3372 β’.
