2309 3684
147 200 230 284 ³73]
366 205 434 266 oa
460 183 583 267 Anba
609 210 816 271 fourrer.
1012 224 1048 286 73

146 353 290 411 lectorem
309 350 489 413 delectando
509 347 678 431 pariterque
697 351 861 416 monenda

147 448 210 507 Hic
226 459 321 509 meret
336 439 414 509 aera'
424 451 499 510 liber
519 450 608 511 Sosiis
615 472 624 524 3
647 449 743 513 hice't
762 472 843 514 mare
863 453 968 513 transit
989 473 1045 532 345

147 556 177 605 et
196 540 320 623 longum
340 558 415 608 noto
436 547 570 626 scriptori
592 513 731 636 prbib'git
751 570 864 624 aeuum.
992 622 994 628 ¹
1063 597 1080 632 ,l

147 644 222 703 Sunt
242 644 353 704 delicta
372 657 474 705 tamen
494 646 603 722 quibus
623 646 772 724 ignovisse
792 646 918 709 veffmus
928 609 992 725 34
1009 641 1090 690 aab
1123 661 1149 728 ’ᾗ

42 789 45 792 .
147 760 218 800 nam
238 761 336 818 neque
352 744 464 803 chorda
481 761 590 833 sonum
603 744 701 820 reddit
718 764 807 821 quem
822 748 886 806 vult
900 767 1004 808 manus
1018 761 1048 810 et

227 858 321 914 ment
362 849 466 1013 μ
824 841 872 920 Α

146 935 342 1013 poscentique
396 956 481 1000 avem
502 956 646 1032 persaepe
666 935 789 997 remittit
808 949 896 1026 acutu
940 965 947 1011 ;

146 1050 203 1090 nec
223 1052 340 1109 semper
358 1034 665 1111 ferietquodcunque
686 1034 846 1095 minabitur
865 1057 957 1096 arcus.
988 1056 1047 1114 350

146 1128 259 1187 Verum
279 1127 331 1189 ubi
351 1131 437 1207 plura
456 1130 553 1202 nitent
572 1129 604 1189 in
625 1130 764 1203 carmine,
785 1150 846 1191 non
868 1152 924 1209 ego
945 1135 1046 1209 paucis

146 1227 282 1285 offendar
301 1226 433 1299 maculis,
455 1247 530 1303 quas
549 1238 602 1287 aut
622 1226 735 1288 incuria
755 1228 831 1288 fudit

68 1363 74 1374 ,
145 1332 197 1381 aut
217 1323 347 1382 humana
367 1343 471 1399 parum
492 1323 570 1384 canit
591 1334 703 1415 natura.
731 1324 828 1402 ⁴Quid
849 1330 1007 1454 ergplest?

147 1419 192 1477 Ut
212 1417 336 1496 scriptor
355 1419 380 1478 si
400 1405 506 1495 peccat
526 1419 607 1481 idern
627 1397 769 1480 libidrius.
782 1391 899 1498 is‘qdeY
932 1404 945 1469 i

145 1513 282 1589 quamvis
296 1525 342 1574 est
355 1514 495 1587 monitus,
510 1516 598 1576 venia
612 1526 711 1589 caret3
731 1526 764 1576 ut
777 1514 965 1578 citharoedus
987 1536 1022 1594 35
1028 1536 1043 1594 5

144 1612 265 1683 ridetur,
286 1613 399 1673 clrorda
419 1612 471 1694 qui
492 1617 610 1690 semper
629 1614 746 1698 oberrat
767 1614 891 1673 eadem:
937 1601 938 1604 ¹

144 1707 189 1767 sic
208 1707 281 1767 mihi
301 1708 353 1785 qui
373 1707 500 1770 multum
520 1720 617 1770 cessat
637 1712 670 1783 fit
691 1710 846 1780 Choerilus
866 1710 925 1781 ille,

144 1823 237 1880 quern
256 1804 303 1865 bis
323 1816 404 1865 terve
424 1808 538 1894 bonum
559 1826 629 1867 curn
650 1806 710 1867 risu
730 1807 839 1882 miror;
860 1819 891 1868 et
911 1808 991 1868 idem
1013 1829 1052 1860 r„
1071 1817 1118 1870 ‘r'
1146 1799 1149 1844 5

144 1899 283 1998 indignor
303 1905 486 1980 quandoque
506 1906 603 1965 bonus
624 1904 765 1992 dormitat
786 1893 969 1992 Homerus.i
988 1907 1020 1930 ‘³'
1039 1887 1082 1926 *Μ
1103 1895 1123 1917 “’

144 1997 257 2056 Verum
278 1997 360 2074 operi
380 2000 470 2075 longo
490 2001 534 2059 fas
554 2011 600 2060 est
621 1996 765 2077 obrepere
786 1991 958 2062 00100οᾗ
986 2006 1044 2079 360

145 2094 190 2153 Ut
209 2092 325 2169 pictura
344 2094 460 2171 po'e'sis:
481 2095 536 2156 erit
556 2101 634 2171 quac
656 2094 680 2155 si
692 2095 821 2173 'propius
842 2107 901 2157 stes

145 2199 176 2248 te
195 2189 294 2266 capiat
313 2188 425 2270 magis
438 2201 468 2249 et
488 2177 638 2267 quaedam
660 2190 685 2250 si
705 2191 821 2269 longius
842 2193 948 2253 abstes.

146 2286 235 2345 Haec
254 2288 523 2394 amatffiscurum
545 2289 625 2347 volet
645 2288 720 2346 haec
741 2289 796 2347 sub
817 2290 882 2348 luce
902 2288 1002 2361 videri,
1006 2337 1029 2382 4

145 2380 250 2462 iudicis
265 2360 406 2458 ‘iigutubr
426 2401 504 2458 quae
524 2402 587 2441 non
607 2382 747 2443 formidat
767 2403 892 2454 acumen
902 2389 968 2457 32³*

145 2480 219 2539 haec
229 2478 342 2557 placuit
352 2482 453 2551 semel,
467 2481 542 2540 haec
553 2480 674 2541 deciens
688 2481 811 2558 repetita
824 2482 960 2558 placebit.
985 2486 1040 2559 365

145 2577 174 2637 Ο
195 2575 288 2636 maior
307 2574 456 2648 iuvenum,
477 2576 612 2652 quamvis
633 2588 663 2636 et
682 2596 757 2637 voce
777 2589 900 2654 paterna
924 2574 1024 2609 χ·

143 2672 262 2749 fingeris
282 2674 321 2732 ad
341 2684 455 2732 rectum
477 2684 507 2733 et
526 2691 581 2749 per
601 2684 631 2731 te
652 2673 740 2747 sapis,
762 2673 821 2732 hoc
841 2672 1029 2731 tibi'dictum

145 2771 216 2829 tolle
237 2787 362 2841 memor,
382 2768 467 2834 certis
488 2768 622 2828 medium
645 2781 674 2854 et
695 2768 847 2854 tolerabile
868 2771 955 2828 rebus

143 2879 224 2928 recte
244 2864 378 2928 concedi.
421 2868 585 2944 Consultus
604 2843 673 2925 ffiris
694 2876 725 2925 et
745 2876 827 2924 actor
1036 2931 1041 2944 ³

143 2983 299 3024 causarum
320 2962 477 3023 mediocris
497 2963 582 3022 abest
602 2953 709 3056 ungite
730 2958 832 3020 diserti
879 2944 932 2986 M
982 2980 1041 3036 370

144 3061 305 3120 Messallae
325 3077 382 3118 nec
402 3058 457 3118 scit
478 3027 647 3134 qffffriilff
645 3056 808 3119 Cascellius
828 3055 932 3126 Aulus

142 3156 197 3217 sed
217 3166 319 3216 tamen
340 3153 372 3213 in
391 3154 487 3230 pretio
508 3166 570 3213 est:
598 3152 797 3224 mediocribus
819 3170 883 3211 esse
904 3152 1020 3226 poetis.

142 3273 203 3314 non
224 3252 372 3325 homines,
394 3270 456 3309 non
476 3249 516 3322 di,
538 3268 600 3308 non
621 3266 794 3308 concessere
815 3248 979 3333 columnae.

323 3379 377 3443 358·
413 3385 478 3429 terve
489 3377 605 3428 S'BOM:
622 3382 705 3440 terque
716 3373 779 3425 s'K·
