<?xml version="1.0" encoding="UTF-8"?>
<!DOCTYPE html PUBLIC "-//W3C//DTD XHTML 1.0 Transitional//EN"
    "http://www.w3.org/TR/xhtml1/DTD/xhtml1-transitional.dtd">
<html xmlns="http://www.w3.org/1999/xhtml" xml:lang="en" lang="en">
 <head>
  <title>
</title>
<meta http-equiv="Content-Type" content="text/html;charset=utf-8" />
  <meta name='ocr-system' content='tesseract 3.04.00' />
  <meta name='ocr-capabilities' content='ocr_page ocr_carea ocr_par ocr_line ocrx_word'/>
</head>
<body>
  <div class='ocr_page' id='page_1' title='image "./epistleshorace00wilkgoog_0043.png"; bbox 0 0 2309 3684; ppageno 0'>
   <div class='ocr_carea' id='block_1_1' title="bbox 278 818 852 1069">
    <p class='ocr_par' dir='ltr' id='par_1_1' title="bbox 278 818 852 1069">
     <span class='ocr_line' id='line_1_1' title="bbox 359 818 774 895; baseline -0.007 -14"><span class='ocrx_word' id='word_1_1' title='bbox 359 821 396 895; x_wconf 86' lang='lat' dir='ltr'>Q.</span> <span class='ocrx_word' id='word_1_2' title='bbox 428 821 594 881; x_wconf 83' lang='lat' dir='ltr'>HORATI</span> <span class='ocrx_word' id='word_1_3' title='bbox 622 818 774 882; x_wconf 78' lang='lat' dir='ltr'>nnAcct</span> 
     </span>
     <span class='ocr_line' id='line_1_2' title="bbox 278 990 852 1069; baseline -0.003 -3"><span class='ocrx_word' id='word_1_4' title='bbox 278 990 852 1069; x_wconf 85' lang='lat' dir='ltr'><strong>EPISTULARUM</strong></span> 
     </span>
    </p>
   </div>
   <div class='ocr_carea' id='block_1_2' title="bbox 444 1185 721 1238">
    <p class='ocr_par' dir='ltr' id='par_1_2' title="bbox 444 1185 721 1238">
     <span class='ocr_line' id='line_1_3' title="bbox 444 1185 721 1238; baseline -0.004 -3"><span class='ocrx_word' id='word_1_5' title='bbox 444 1185 554 1236; x_wconf 86' lang='lat' dir='ltr'><strong>LIBER</strong></span> <span class='ocrx_word' id='word_1_6' title='bbox 575 1185 721 1238; x_wconf 88' lang='lat' dir='ltr'><strong>PRIMUS.</strong></span> 
     </span>
    </p>
   </div>
   <div class='ocr_carea' id='block_1_3' title="bbox 551 1377 575 1435">
    <p class='ocr_par' dir='ltr' id='par_1_3' title="bbox 551 1377 575 1435">
     <span class='ocr_line' id='line_1_4' title="bbox 551 1377 575 1435; baseline 0 0"><span class='ocrx_word' id='word_1_7' title='bbox 551 1377 575 1435; x_wconf 84' lang='lat'>1.</span> 
     </span>
    </p>
   </div>
   <div class='ocr_carea' id='block_1_4' title="bbox 55 1476 1023 2930">
    <p class='ocr_par' dir='ltr' id='par_1_4' title="bbox 113 1476 1023 2065">
     <span class='ocr_line' id='line_1_5' title="bbox 115 1476 868 1596; baseline -0.004 -30"><span class='ocrx_word' id='word_1_8' title='bbox 115 1505 216 1566; x_wconf 87' lang='lat' dir='ltr'>Prima</span> <span class='ocrx_word' id='word_1_9' title='bbox 236 1504 315 1579; x_wconf 84' lang='lat' dir='ltr'>dicte</span> <span class='ocrx_word' id='word_1_10' title='bbox 335 1476 417 1578; x_wconf 78' lang='lat' dir='ltr'>inihi,</span> <span class='ocrx_word' id='word_1_11' title='bbox 438 1524 554 1588; x_wconf 76' lang='lat' dir='ltr'>suintna</span> <span class='ocrx_word' id='word_1_12' title='bbox 574 1503 704 1596; x_wconf 85' lang='lat' dir='ltr'>dicende</span> <span class='ocrx_word' id='word_1_13' title='bbox 725 1503 868 1587; x_wconf 74' lang='lat' dir='ltr'>Camena,</span> 
     </span>
     <span class='ocr_line' id='line_1_6' title="bbox 114 1578 911 1685; baseline -0.001 -23"><span class='ocrx_word' id='word_1_14' title='bbox 114 1602 315 1679; x_wconf 45' lang='lat' dir='ltr'>spectatum*</span> <span class='ocrx_word' id='word_1_15' title='bbox 303 1580 373 1662; x_wconf 78' lang='lat' dir='ltr'>satis</span> <span class='ocrx_word' id='word_1_16' title='bbox 393 1612 434 1685; x_wconf 87' lang='lat' dir='ltr'>et</span> <span class='ocrx_word' id='word_1_17' title='bbox 444 1578 618 1661; x_wconf 81' lang='lat' dir='ltr'>donatnm</span> <span class='ocrx_word' id='word_1_18' title='bbox 599 1584 670 1669; x_wconf 73' lang='lat' dir='ltr'>lain</span> <span class='ocrx_word' id='word_1_19' title='bbox 691 1602 765 1661; x_wconf 89' lang='lat' dir='ltr'>rude</span> <span class='ocrx_word' id='word_1_20' title='bbox 785 1600 911 1678; x_wconf 77' lang='lat' dir='ltr'>quaetis,</span> 
     </span>
     <span class='ocr_line' id='line_1_7' title="bbox 115 1682 900 1787; baseline -0.001 -29"><span class='ocrx_word' id='word_1_21' title='bbox 115 1682 287 1770; x_wconf 80' lang='lat' dir='ltr'>Maecenas,</span> <span class='ocrx_word' id='word_1_22' title='bbox 309 1697 415 1758; x_wconf 87' lang='lat' dir='ltr'>iterum</span> <span class='ocrx_word' id='word_1_23' title='bbox 435 1695 558 1773; x_wconf 87' lang='lat' dir='ltr'>antiquo</span> <span class='ocrx_word' id='word_1_24' title='bbox 579 1716 629 1787; x_wconf 77' lang='lat' dir='ltr'>nte</span> <span class='ocrx_word' id='word_1_25' title='bbox 634 1695 800 1756; x_wconf 85' lang='lat' dir='ltr'>includere</span> <span class='ocrx_word' id='word_1_26' title='bbox 820 1699 900 1757; x_wconf 89' lang='lat' dir='ltr'><strong>ludo.</strong></span> 
     </span>
     <span class='ocr_line' id='line_1_8' title="bbox 115 1782 991 1873; baseline -0.002 -18"><span class='ocrx_word' id='word_1_27' title='bbox 115 1797 189 1855; x_wconf 89' lang='lat' dir='ltr'>Non</span> <span class='ocrx_word' id='word_1_28' title='bbox 210 1795 315 1855; x_wconf 86' lang='lat' dir='ltr'>eadem</span> <span class='ocrx_word' id='word_1_29' title='bbox 335 1802 381 1855; x_wconf 88' lang='lat' dir='ltr'>est</span> <span class='ocrx_word' id='word_1_30' title='bbox 400 1804 490 1864; x_wconf 85' lang='lat' dir='ltr'>aetas,</span> <span class='ocrx_word' id='word_1_31' title='bbox 512 1812 574 1853; x_wconf 89' lang='grc' dir='ltr'>ιιοιι</span> <span class='ocrx_word' id='word_1_32' title='bbox 594 1782 687 1873; x_wconf 75' lang='lat' dir='ltr'>inens</span> <span class='ocrx_word' id='word_1_33' title='bbox 730 1792 881 1865; x_wconf 86' lang='lat' dir='ltr'>Veianius,</span> <span class='ocrx_word' id='word_1_34' title='bbox 904 1793 991 1853; x_wconf 85' lang='lat' dir='ltr'>armis</span> 
     </span>
     <span class='ocr_line' id='line_1_9' title="bbox 115 1879 1023 1967; baseline -0.003 -17"><span class='ocrx_word' id='word_1_35' title='bbox 115 1888 257 1950; x_wconf 80' lang='lat' dir='ltr'>Herculis</span> <span class='ocrx_word' id='word_1_36' title='bbox 277 1879 317 1949; x_wconf 91' lang='lat' dir='ltr'>ad</span> <span class='ocrx_word' id='word_1_37' title='bbox 336 1900 454 1966; x_wconf 87' lang='lat' dir='ltr'>postem</span> <span class='ocrx_word' id='word_1_38' title='bbox 474 1888 547 1967; x_wconf 87' lang='lat' dir='ltr'>fixis,</span> <span class='ocrx_word' id='word_1_39' title='bbox 568 1889 641 1948; x_wconf 86' lang='lat' dir='ltr'>latet</span> <span class='ocrx_word' id='word_1_40' title='bbox 661 1887 780 1948; x_wconf 89' lang='lat' dir='ltr'>abditus</span> <span class='ocrx_word' id='word_1_41' title='bbox 801 1907 880 1965; x_wconf 84' lang='lat' dir='ltr'>agro,</span> <span class='ocrx_word' id='word_1_42' title='bbox 994 1908 1023 1966; x_wconf 63' lang='lat'>5,</span> 
     </span>
     <span class='ocr_line' id='line_1_10' title="bbox 113 1982 859 2067; baseline -0.003 -20"><span class='ocrx_word' id='word_1_43' title='bbox 113 2007 155 2048; x_wconf 89' lang='lat' dir='ltr'>ne</span> <span class='ocrx_word' id='word_1_44' title='bbox 175 1989 323 2067; x_wconf 77' lang='lat' dir='ltr'>populum</span> <span class='ocrx_word' id='word_1_45' title='bbox 342 1996 472 2046; x_wconf 84' lang='lat' dir='ltr'>extrema</span> <span class='ocrx_word' id='word_1_46' title='bbox 491 1982 613 2045; x_wconf 81' lang='lat' dir='ltr'>totiens</span> <span class='ocrx_word' id='word_1_47' title='bbox 621 1996 723 2045; x_wconf 84' lang='lat' dir='ltr'>exoret</span> <span class='ocrx_word' id='word_1_48' title='bbox 742 1987 859 2045; x_wconf 75' lang='lat' dir='ltr'>harena„</span> 
     </span>
    </p>

    <p class='ocr_par' dir='ltr' id='par_1_5' title="bbox 55 2076 1009 2551">
     <span class='ocr_line' id='line_1_11' title="bbox 91 2076 925 2183; baseline -0.002 -40"><span class='ocrx_word' id='word_1_49' title='bbox 91 2126 94 2131; x_wconf 63' lang='grc'><strong>»</strong></span> <span class='ocrx_word' id='word_1_50' title='bbox 115 2085 171 2153; x_wconf 80' lang='lat' dir='ltr'>Est</span> <span class='ocrx_word' id='word_1_51' title='bbox 192 2083 265 2142; x_wconf 88' lang='lat' dir='ltr'>mihi</span> <span class='ocrx_word' id='word_1_52' title='bbox 284 2086 439 2183; x_wconf 72' lang='lat' dir='ltr'>purgatam</span> <span class='ocrx_word' id='word_1_53' title='bbox 460 2082 562 2147; x_wconf 76' lang='lat' dir='ltr'>crebno</span> <span class='ocrx_word' id='word_1_54' title='bbox 584 2082 636 2159; x_wconf 87' lang='lat' dir='ltr'>qui</span> <span class='ocrx_word' id='word_1_55' title='bbox 656 2076 796 2171; x_wconf 66' lang='lat' dir='ltr'>poisonet</span> <span class='ocrx_word' id='word_1_56' title='bbox 815 2101 925 2156; x_wconf 87' lang='lat' dir='ltr'>aurem,</span> 
     </span>
     <span class='ocr_line' id='line_1_12' title="bbox 55 2181 970 2255; baseline 0 -14"><span class='ocrx_word' id='word_1_57' title='bbox 55 2236 57 2241; x_wconf 91' lang='lat'><em>.</em></span> <span class='ocrx_word' id='word_1_58' title='bbox 116 2181 216 2240; x_wconf 83' lang='lat' dir='ltr'>‘solve</span> <span class='ocrx_word' id='word_1_59' title='bbox 237 2190 440 2243; x_wconf 81' lang='lat' dir='ltr'>senescentem</span> <span class='ocrx_word' id='word_1_60' title='bbox 461 2186 574 2238; x_wconf 78' lang='lat' dir='ltr'>mature</span> <span class='ocrx_word' id='word_1_61' title='bbox 595 2196 685 2237; x_wconf 84' lang='lat' dir='ltr'>sanus</span> <span class='ocrx_word' id='word_1_62' title='bbox 705 2196 823 2255; x_wconf 82' lang='lat' dir='ltr'>equum,</span> <span class='ocrx_word' id='word_1_63' title='bbox 845 2198 883 2238; x_wconf 90' lang='lat' dir='ltr'>ne</span> <span class='ocrx_word' id='word_1_64' title='bbox 926 2196 970 2241; x_wconf 63' lang='grc' dir='ltr'>ν’</span> 
     </span>
     <span class='ocr_line' id='line_1_13' title="bbox 70 2273 873 2359; baseline 0 -26"><span class='ocrx_word' id='word_1_65' title='bbox 70 2312 79 2359; x_wconf 84' lang='lat'>¹.</span> <span class='ocrx_word' id='word_1_66' title='bbox 114 2286 223 2351; x_wconf 88' lang='lat' dir='ltr'>peccet</span> <span class='ocrx_word' id='word_1_67' title='bbox 241 2276 281 2334; x_wconf 84' lang='lat' dir='ltr'>ad</span> <span class='ocrx_word' id='word_1_68' title='bbox 301 2276 464 2334; x_wconf 81' lang='lat' dir='ltr'>extremuni</span> <span class='ocrx_word' id='word_1_69' title='bbox 484 2273 626 2334; x_wconf 86' lang='lat' dir='ltr'>ridendus</span> <span class='ocrx_word' id='word_1_70' title='bbox 646 2283 676 2334; x_wconf 87' lang='lat' dir='ltr'>et</span> <span class='ocrx_word' id='word_1_71' title='bbox 695 2273 745 2333; x_wconf 82' lang='lat' dir='ltr'>iiia</span> <span class='ocrx_word' id='word_1_72' title='bbox 760 2275 873 2333; x_wconf 67' lang='lat' dir='ltr'>ducat!</span> 
     </span>
     <span class='ocr_line' id='line_1_14' title="bbox 70 2356 1009 2449; baseline -0.001 -20"><span class='ocrx_word' id='word_1_73' title='bbox 70 2360 73 2366; x_wconf 46' lang='lat'>⁵</span> <span class='ocrx_word' id='word_1_74' title='bbox 115 2372 208 2429; x_wconf 89' lang='lat' dir='ltr'>Nunc</span> <span class='ocrx_word' id='word_1_75' title='bbox 227 2368 328 2446; x_wconf 80' lang='lat' dir='ltr'>itaque</span> <span class='ocrx_word' id='word_1_76' title='bbox 348 2380 378 2430; x_wconf 86' lang='lat' dir='ltr'>et</span> <span class='ocrx_word' id='word_1_77' title='bbox 397 2388 527 2449; x_wconf 81' lang='lat' dir='ltr'>verqu</span> <span class='ocrx_word' id='word_1_78' title='bbox 518 2380 548 2429; x_wconf 88' lang='lat' dir='ltr'>et</span> <span class='ocrx_word' id='word_1_79' title='bbox 568 2380 666 2429; x_wconf 84' lang='lat' dir='ltr'>cetera</span> <span class='ocrx_word' id='word_1_80' title='bbox 684 2356 798 2429; x_wconf 82' lang='lat' dir='ltr'>ludicra</span> <span class='ocrx_word' id='word_1_81' title='bbox 817 2389 912 2446; x_wconf 79' lang='lat' dir='ltr'>pon0=</span> <span class='ocrx_word' id='word_1_82' title='bbox 974 2390 1009 2430; x_wconf 91' lang='lat'>10</span> 
     </span>
     <span class='ocr_line' id='line_1_15' title="bbox 115 2467 1008 2551; baseline -0.001 -24"><span class='ocrx_word' id='word_1_83' title='bbox 115 2467 189 2546; x_wconf 91' lang='lat' dir='ltr'>quid</span> <span class='ocrx_word' id='word_1_84' title='bbox 208 2484 310 2527; x_wconf 87' lang='lat' dir='ltr'>verum</span> <span class='ocrx_word' id='word_1_85' title='bbox 329 2478 444 2547; x_wconf 84' lang='lat' dir='ltr'>atque</span> <span class='ocrx_word' id='word_1_86' title='bbox 439 2469 551 2527; x_wconf 84' lang='lat' dir='ltr'>decens</span> <span class='ocrx_word' id='word_1_87' title='bbox 575 2485 647 2527; x_wconf 86' lang='lat' dir='ltr'>curo</span> <span class='ocrx_word' id='word_1_88' title='bbox 668 2478 698 2527; x_wconf 90' lang='lat' dir='ltr'>et</span> <span class='ocrx_word' id='word_1_89' title='bbox 717 2486 790 2551; x_wconf 81' lang='lat' dir='ltr'>rogo</span> <span class='ocrx_word' id='word_1_90' title='bbox 811 2477 840 2527; x_wconf 90' lang='lat' dir='ltr'>et</span> <span class='ocrx_word' id='word_1_91' title='bbox 861 2467 958 2527; x_wconf 90' lang='lat' dir='ltr'>omnis</span> <span class='ocrx_word' id='word_1_92' title='bbox 978 2467 1008 2526; x_wconf 90' lang='lat' dir='ltr'>in</span> 
     </span>
    </p>

    <p class='ocr_par' dir='ltr' id='par_1_6' title="bbox 196 2560 467 2631">
     <span class='ocr_line' id='line_1_16' title="bbox 196 2560 467 2631; baseline -0.013 -8"><span class='ocrx_word' id='word_1_93' title='bbox 196 2565 255 2624; x_wconf 90' lang='lat' dir='ltr'>hoc</span> <span class='ocrx_word' id='word_1_94' title='bbox 273 2582 354 2627; x_wconf 83' lang='lat' dir='ltr'>sum</span> <span class='ocrx_word' id='word_1_95' title='bbox 388 2560 467 2631; x_wconf 72' lang='lat' dir='ltr'>,s</span> 
     </span>
    </p>

    <p class='ocr_par' dir='ltr' id='par_1_7' title="bbox 114 2658 959 2930">
     <span class='ocr_line' id='line_1_17' title="bbox 114 2658 959 2739; baseline -0.001 -19"><span class='ocrx_word' id='word_1_96' title='bbox 114 2662 217 2722; x_wconf 89' lang='lat' dir='ltr'>condo</span> <span class='ocrx_word' id='word_1_97' title='bbox 235 2670 266 2720; x_wconf 90' lang='lat' dir='ltr'>et</span> <span class='ocrx_word' id='word_1_98' title='bbox 286 2677 436 2736; x_wconf 81' lang='lat' dir='ltr'>compono</span> <span class='ocrx_word' id='word_1_99' title='bbox 456 2677 533 2736; x_wconf 84' lang='lat' dir='ltr'>quae</span> <span class='ocrx_word' id='word_1_100' title='bbox 553 2678 624 2719; x_wconf 86' lang='lat' dir='ltr'>mox</span> <span class='ocrx_word' id='word_1_101' title='bbox 642 2658 959 2739; x_wconf 62' lang='lat' dir='ltr'>deQoesim.</span> 
     </span>
     <span class='ocr_line' id='line_1_18' title="bbox 114 2758 946 2839; baseline 0.002 -21"><span class='ocrx_word' id='word_1_102' title='bbox 114 2762 162 2818; x_wconf 84' lang='lat' dir='ltr'>Ac</span> <span class='ocrx_word' id='word_1_103' title='bbox 181 2776 222 2817; x_wconf 89' lang='lat' dir='ltr'>ne</span> <span class='ocrx_word' id='word_1_104' title='bbox 240 2758 316 2816; x_wconf 84' lang='lat' dir='ltr'>sorte</span> <span class='ocrx_word' id='word_1_105' title='bbox 336 2774 421 2832; x_wconf 84' lang='lat' dir='ltr'>roges</span> <span class='ocrx_word' id='word_1_106' title='bbox 441 2775 501 2833; x_wconf 89' lang='lat' dir='ltr'>qno</span> <span class='ocrx_word' id='word_1_107' title='bbox 522 2776 571 2816; x_wconf 85' lang='lat' dir='ltr'>me</span> <span class='ocrx_word' id='word_1_108' title='bbox 589 2758 677 2837; x_wconf 81' lang='lat' dir='ltr'>duce,</span> <span class='ocrx_word' id='word_1_109' title='bbox 699 2776 759 2834; x_wconf 89' lang='lat' dir='ltr'>quo</span> <span class='ocrx_word' id='word_1_110' title='bbox 770 2760 840 2833; x_wconf 68' lang='lat' dir='ltr'>iate</span> <span class='ocrx_word' id='word_1_111' title='bbox 853 2771 946 2839; x_wconf 65' lang='lat' dir='ltr'>tuter,</span> 
     </span>
     <span class='ocr_line' id='line_1_19' title="bbox 114 2850 887 2930; baseline -0.001 -17"><span class='ocrx_word' id='word_1_112' title='bbox 114 2851 225 2913; x_wconf 83' lang='lat' dir='ltr'>nullius</span> <span class='ocrx_word' id='word_1_113' title='bbox 244 2851 382 2912; x_wconf 83' lang='lat' dir='ltr'>addictus</span> <span class='ocrx_word' id='word_1_114' title='bbox 401 2850 494 2911; x_wconf 87' lang='lat' dir='ltr'>iurare</span> <span class='ocrx_word' id='word_1_115' title='bbox 514 2853 546 2910; x_wconf 90' lang='lat' dir='ltr'>in</span> <span class='ocrx_word' id='word_1_116' title='bbox 565 2853 656 2918; x_wconf 72' lang='lat' dir='ltr'>verba</span> <span class='ocrx_word' id='word_1_117' title='bbox 676 2854 805 2930; x_wconf 75' lang='lat' dir='ltr'>magistri</span> <span class='ocrx_word' id='word_1_118' title='bbox 882 2854 887 2863; x_wconf 89' lang='lat'><em>&#39;</em></span> 
     </span>
    </p>
   </div>
   <div class='ocr_carea' id='block_1_5' title="bbox 113 2922 1030 3029">
    <p class='ocr_par' dir='ltr' id='par_1_8' title="bbox 113 2922 1030 3029">
     <span class='ocr_line' id='line_1_20' title="bbox 113 2922 1030 3029; baseline 0.001 -19"><span class='ocrx_word' id='word_1_119' title='bbox 113 2970 176 3028; x_wconf 89' lang='lat' dir='ltr'>quo</span> <span class='ocrx_word' id='word_1_120' title='bbox 195 2968 246 3009; x_wconf 89' lang='lat' dir='ltr'>me</span> <span class='ocrx_word' id='word_1_121' title='bbox 264 2926 669 3026; x_wconf 45' lang='lat' dir='ltr'>cfiffitfileid&#39;pitiempesms</span> <span class='ocrx_word' id='word_1_122' title='bbox 690 2951 806 3010; x_wconf 87' lang='lat' dir='ltr'>deferor</span> <span class='ocrx_word' id='word_1_123' title='bbox 826 2952 942 3027; x_wconf 78' lang='lat' dir='ltr'>hospes</span> <span class='ocrx_word' id='word_1_124' title='bbox 972 2971 1005 3029; x_wconf 87' lang='lat'>15</span> <span class='ocrx_word' id='word_1_125' title='bbox 1025 2922 1030 2927; x_wconf 17' lang='grc' dir='ltr'>ι</span> 
     </span>
    </p>
   </div>
   <div class='ocr_carea' id='block_1_6' title="bbox 23 3043 820 3121">
    <p class='ocr_par' dir='ltr' id='par_1_9' title="bbox 23 3043 820 3121">
     <span class='ocr_line' id='line_1_21' title="bbox 23 3043 820 3121; baseline -0.01 -10"><span class='ocrx_word' id='word_1_126' title='bbox 23 3108 25 3111; x_wconf 79' lang='grc'>,</span> <span class='ocrx_word' id='word_1_127' title='bbox 114 3049 207 3107; x_wconf 88' lang='lat' dir='ltr'>Nunc</span> <span class='ocrx_word' id='word_1_128' title='bbox 226 3043 310 3121; x_wconf 79' lang='lat' dir='ltr'>agilis</span> <span class='ocrx_word' id='word_1_129' title='bbox 329 3045 370 3104; x_wconf 87' lang='lat' dir='ltr'>fio</span> <span class='ocrx_word' id='word_1_130' title='bbox 389 3054 420 3105; x_wconf 90' lang='lat' dir='ltr'>et</span> <span class='ocrx_word' id='word_1_131' title='bbox 439 3063 552 3105; x_wconf 85' lang='lat' dir='ltr'>mersor</span> <span class='ocrx_word' id='word_1_132' title='bbox 570 3043 705 3104; x_wconf 84' lang='lat' dir='ltr'>civilibus</span> <span class='ocrx_word' id='word_1_133' title='bbox 725 3043 820 3118; x_wconf 74' lang='lat' dir='ltr'>undis,</span> 
     </span>
    </p>
   </div>
   <div class='ocr_carea' id='block_1_7' title="bbox 111 3209 1005 3367">
    <p class='ocr_par' dir='ltr' id='par_1_10' title="bbox 111 3209 1005 3367">
     <span class='ocr_line' id='line_1_22' title="bbox 161 3209 1005 3279; baseline 0 -12"><span class='ocrx_word' id='word_1_134' title='bbox 161 3212 244 3267; x_wconf 78' lang='grc'><strong>1.-6.</strong></span> <span class='ocrx_word' id='word_1_135' title='bbox 276 3219 355 3263; x_wconf 71' lang='lat' dir='ltr'>exoret</span> <span class='ocrx_word' id='word_1_136' title='bbox 365 3209 442 3277; x_wconf 79' lang='grc' dir='ltr'>αβγί</span> <span class='ocrx_word' id='word_1_137' title='bbox 457 3219 557 3264; x_wconf 74' lang='lat' dir='ltr'>exornet</span> <span class='ocrx_word' id='word_1_138' title='bbox 566 3212 606 3277; x_wconf 74' lang='lat'>7⁰.</span> <span class='ocrx_word' id='word_1_139' title='bbox 757 3229 796 3276; x_wconf 83' lang='lat'>14·</span> <span class='ocrx_word' id='word_1_140' title='bbox 829 3215 942 3267; x_wconf 74' lang='lat' dir='ltr'>addictus</span> <span class='ocrx_word' id='word_1_141' title='bbox 951 3215 1005 3279; x_wconf 72' lang='grc' dir='ltr'>β’γι</span> 
     </span>
     <span class='ocr_line' id='line_1_23' title="bbox 111 3288 973 3367; baseline -0.001 -22"><span class='ocrx_word' id='word_1_142' title='bbox 111 3295 234 3348; x_wconf 76' lang='lat' dir='ltr'>adductus</span> <span class='ocrx_word' id='word_1_143' title='bbox 245 3289 304 3356; x_wconf 68' lang='grc' dir='ltr'>(ιβ’.</span> <span class='ocrx_word' id='word_1_144' title='bbox 353 3290 409 3363; x_wconf 48' lang='grc' dir='ltr'>ἱι6.</span> <span class='ocrx_word' id='word_1_145' title='bbox 443 3309 534 3344; x_wconf 83' lang='lat' dir='ltr'>mersor</span> <span class='ocrx_word' id='word_1_146' title='bbox 543 3288 582 3345; x_wconf 83' lang='grc' dir='ltr'>ωἰ</span> <span class='ocrx_word' id='word_1_147' title='bbox 598 3309 681 3343; x_wconf 84' lang='lat' dir='ltr'>versor</span> <span class='ocrx_word' id='word_1_148' title='bbox 690 3291 778 3353; x_wconf 83' lang='lat' dir='ltr'>Aldus,</span> <span class='ocrx_word' id='word_1_149' title='bbox 792 3292 916 3367; x_wconf 82' lang='lat' dir='ltr'>bearins</span> <span class='ocrx_word' id='word_1_150' title='bbox 926 3302 973 3344; x_wconf 85' lang='lat' dir='ltr'>etc.</span> 
     </span>
    </p>
   </div>
   <div class='ocr_carea' id='block_1_8' title="bbox 853 3403 927 3440">
    <p class='ocr_par' dir='ltr' id='par_1_11' title="bbox 853 3403 927 3440">
     <span class='ocr_line' id='line_1_24' title="bbox 853 3403 927 3440; baseline 0.014 -1"><span class='ocrx_word' id='word_1_151' title='bbox 853 3403 927 3440; x_wconf 86' lang='lat'>1—2</span> 
     </span>
    </p>
   </div>
   <div class='ocr_carea' id='block_1_9' title="bbox 0 0 1160 3684">
    <p class='ocr_par' dir='ltr' id='par_1_12' title="bbox 0 0 1160 3684">
     <span class='ocr_line' id='line_1_25' title="bbox 0 0 1160 3684; baseline 0 0"><span class='ocrx_word' id='word_1_152' title='bbox 0 0 1160 3684; x_wconf 95' lang='lat' dir='ltr'> </span> 
     </span>
    </p>
   </div>
  </div>
 </body>
</html>
