2309 3684
617 8 621 15 ,

363 30 517 65 „⁴12⁸
568 20 664 63 Mi*
707 22 771 47 ’(-

130 165 166 222 18
285 161 468 224 HORATI
487 162 823 223 EPISTULARUM
841 160 1018 244 [VII.46-

127 316 267 374 Strenuus
288 322 318 372 et
338 309 420 371 sortis
440 307 595 387 causisque
616 309 769 387 Philippus
789 310 911 388 agendis

126 409 230 480 clarus,
251 408 290 467 ab
311 406 413 466 officiis
433 418 569 467 octavam
589 405 704 466 circiter
722 407 825 466 horam

127 504 199 564 dum
219 502 295 563 redit
315 514 405 579 atque
425 503 489 563 soro
509 500 633 560 nimium
653 500 761 561 dismre
781 500 902 562 Carinas

126 598 186 658 iam
205 597 324 675 grandis
344 608 416 657 natu
437 596 573 674 queritur,
595 595 758 673 conspexit,
780 607 814 656 ut
833 595 922 669 aiunt,

126 695 263 754 adrasum
283 695 433 770 quendam
454 711 547 753 vacua
566 691 695 752 tonsoris
713 691 745 750 in
764 691 869 751 umbra
982 710 1020 768 50

128 791 247 850 cultello
267 788 400 867 proprios
421 800 594 866 purgantem
613 788 720 849 leniter
738 788 851 866 unguis.

129 885 297 947 ‘Demetri'
321 887 406 965 (puer
425 885 558 945 hicnon
577 886 660 945 laeve
680 885 760 945 iussa
780 885 908 962 Philippi

128 982 315 1061 accipiebat),
339 981 412 1057 ‘abi,
435 1000 541 1059 quaere
561 993 593 1041 et
612 983 697 1055 refer,
715 983 795 1042 unde
814 984 915 1056 domo,
932 980 1007 1059 quis,
1039 1002 1061 1012 “

128 1077 211 1138 cuius
231 1078 374 1150 fortunae,
396 1096 456 1154 quo
477 1076 515 1137 sit
535 1088 617 1152 patre
638 1097 736 1154 quove
756 1082 901 1155 patrono.'

129 1176 167 1246 It,
187 1173 264 1234 redit
284 1184 314 1234 et
333 1183 439 1244 narrat,
461 1172 614 1233 Volteium
634 1173 755 1235 nomine
777 1176 909 1247 Menam,
984 1192 1020 1251 55

128 1292 317 1351 praeconem,
338 1271 421 1332 tenui
440 1289 540 1343 censu,
562 1270 627 1331 sine
647 1270 776 1344 crimine,
798 1281 903 1331 notum

129 1379 161 1430 et
179 1386 336 1446 properare
354 1369 423 1427 loco
444 1377 477 1426 et
495 1385 609 1426 cessare
630 1377 660 1426 et
680 1384 818 1443 quaerere
839 1365 939 1439 etuti,

129 1465 307 1542 gaudentem
327 1460 483 1539 parvisque
504 1462 654 1521 sodalibus
674 1472 705 1522 et
724 1463 784 1521 lare
804 1473 885 1522 certo
914 1406 1023 1551 V

130 1571 161 1620 et
180 1560 257 1620 ludis
277 1569 308 1619 et
327 1570 396 1635 post
417 1558 518 1618 decisa
536 1557 657 1634 negotia
677 1577 792 1634 campo.

134 1657 253 1718 ‘Scitari
273 1657 345 1717 libet
364 1676 402 1716 ex
420 1655 488 1733 ipso
508 1656 718 1733 quodcumque
738 1658 844 1716 refers:
867 1654 918 1717 dic
950 1659 1022 1715 *60

30 1765 34 1773 '
131 1756 169 1816 ad
189 1775 294 1816 cenam
314 1752 431 1814 veniat'
476 1756 547 1814 Non
568 1773 639 1814 sane
660 1754 779 1814 credere
800 1755 900 1826 Mena,

131 1851 228 1913 mirari
248 1871 350 1912 secum
361 1818 485 1912 iacitus.
528 1850 609 1927 Quid
628 1853 743 1911 multa?
784 1850 948 1928 ‘Benigne'
1041 1868 1043 1873 ·

130 1950 298 2026 respondet
329 1948 440 2024 ‘Neget
459 1948 508 2008 ille
527 1947 630 2009 mihir’
649 1949 761 2024 ‘Negat
777 1945 929 2043 imprpbus
947 1958 978 2008 et
995 1959 1026 2007 te
1052 1968 1071 2003 ‹1

132 2046 260 2123 neglegit
279 2056 330 2105 aut
350 2045 465 2105 horret’
506 2043 656 2105 Volteium
677 2064 765 2106 mane
787 2045 941 2123 Philippus

131 2144 201 2204 vilia
220 2144 399 2202 vendentem
420 2140 550 2203 tunicato
571 2154 670 2203 scruta
688 2144 809 2220 popello
987 2145 1023 2220 65

132 2249 260 2317 occupat
279 2250 310 2298 et
330 2240 440 2300 salvere
460 2238 542 2299 iubet
561 2238 649 2315 prior.
693 2240 749 2299 Ille
769 2238 910 2315 Philippo

133 2355 273 2398 excusare
292 2336 424 2396 laborem
443 2346 475 2396 et
494 2334 696 2396 mercennaria
714 2334 818 2408 vincla,

133 2434 215 2510 quod
232 2451 294 2492 non
313 2450 402 2492 mane
419 2432 543 2492 domum
561 2431 700 2504 venisset,
717 2431 846 2507 denique
865 2431 947 2508 qnod
965 2451 1026 2492 non

133 2528 310 2606 providisset
330 2546 405 2588 eum.
449 2527 515 2588 ‘Sic
534 2526 682 2604 ignovisse
701 2538 806 2603 putato
1026 2520 1029 2523 ’

134 2646 184 2687 me
197 2624 260 2699 tibi,
271 2625 296 2684 si
310 2643 398 2685 cenas
412 2623 502 2685 hodie
516 2626 653 2684 meeum!
682 2624 740 2683 ‘Ut
753 2623 845 2684 libet'
873 2623 965 2698 ‘Ergo
991 2638 1028 2697 70

134 2733 204 2800 post
223 2740 335 2782 nonam
354 2719 474 2782 venies:
498 2739 579 2780 nunc
599 2721 619 2794 i,
640 2740 702 2782 rem
723 2732 858 2781 strenuus
877 2722 971 2797 auge.'
1006 2697 1072 2813 Q,

136 2821 181 2879 Ut
199 2828 321 2878 ventum
342 2817 382 2876 ad
401 2834 506 2876 cenam
527 2827 581 2893 est,
598 2816 727 2876 dicenda
746 2817 873 2877 tacenda
891 2816 1008 2876 locutus

186 3072 226 3122 50.
258 3059 430 3111 adrasumrrlr
445 3062 569 3111 abrasum.
638 3074 678 3123 51.
706 3058 910 3126 purgamento:
925 3074 1029 3109 resecan-

138 3148 185 3192 tem
196 3142 304 3191 Mavort.
394 3141 434 3205 56.
467 3150 552 3192 notum
563 3142 589 3192 ni
597 3161 603 3192 τ
625 3151 714 3192 natum
725 3144 755 3193 B.
843 3143 882 3202 58.
916 3148 977 3191 certo
988 3140 1029 3190 ur':

138 3229 206 3270 curto
216 3222 246 3270 Β.
312 3221 351 3286 63.
380 3229 448 3287 neget
456 3223 501 3286 β’γ
511 3225 631 3276 BOKM:
653 3222 788 3290 negatam
857 3221 896 3288 67.
929 3238 1030 3273 mercen-

139 3304 216 3354 naria
228 3300 252 3350 u'
264 3303 335 3355 KMr
358 3307 508 3354 mercenaria
519 3306 574 3356 ΒΟ.
