2309 3684
111 161 148 237 56
286 157 468 219 Horam
487 156 821 218 EPISTULARUM
859 152 914 237 [11.
930 157 1011 229 84-

108 304 282 378 plerumque
302 312 333 362 et
353 301 412 361 risu
433 304 581 378 populum
601 300 711 378 quatit:
732 300 782 360 hic
802 319 859 379 ego
878 320 975 362 rerum

109 397 245 458 fluctibus
265 399 297 457 in
317 397 423 458 mediis
444 410 475 457 et
495 399 722 475 tempestatibus
742 399 823 459 urbis
969 401 1008 475 85

108 498 198 556 verba
216 497 295 572 lyrae
315 507 432 556 motura
452 515 560 556 sonum
581 508 739 582 cchtere
761 497 888 575 digner?

110 595 238 661 †Frater
257 605 320 654 erat
340 597 458 655 Romae
478 583 607 655 consulti
627 577 735 669 rhetor,
756 608 790 655 ut
810 598 885 657 alter

109 691 226 750 alterius
247 710 385 752 sermone
405 712 503 753 meros
524 694 640 754 audiret
659 695 796 768 honores

109 789 259 848 Gracchus
279 774 313 848 ut
332 790 381 850 hic
401 790 450 864 illi,
472 793 548 852 soret
568 791 639 851 huic
659 803 693 851 ut
715 793 834 851 Mucius
854 793 913 853 ille.

50 873 87 965 Χ
110 886 169 959 Qui
190 885 286 945 minus
307 897 426 970 aQtos
446 899 533 947 vexat
553 890 634 949 sutor
653 887 709 949 iste
730 891 858 965 poetas?
970 899 1009 966 9o

110 981 250 1043 Carmina
270 969 430 1060 compono,
452 985 502 1044 hic
523 987 632 1061 elegos,
676 986 815 1047 Mirabile
835 988 901 1047 visu

109 1081 313 1164 caelatumque
334 1100 442 1141 novem
465 1080 561 1141 Musis
584 1085 679 1159 opus!
720 1083 852 1160 Adspice
871 1083 999 1160 primum

109 1186 221 1251 quanto
242 1195 310 1234 cum
329 1178 415 1258 hasta,
438 1189 552 1254 quanto
574 1178 737 1256 molimine
749 1179 861 1239 circum

109 1284 277 1349 spectemus
297 1294 422 1334 vacuam
444 1275 592 1335 Romanis
612 1276 728 1337 vatibus
748 1277 875 1338 aedem:

109 1390 179 1430 mox
194 1369 292 1442 etiam,
312 1370 337 1430 si
355 1372 431 1432 sorte
448 1392 545 1445 vacas
566 1393 690 1450 sequere
704 1385 734 1435 et
747 1375 851 1450 procul
866 1372 946 1448 audi,
969 1393 1005 1453 95

109 1468 181 1544 quid
201 1469 274 1528 ferat
294 1480 324 1528 et
345 1489 404 1545 qua
424 1490 456 1529 re
475 1470 533 1530 sibi
554 1482 653 1531 nectat
673 1481 797 1548 uterque
817 1490 968 1531 coronam

110 1562 270 1624 Caedimur
290 1574 320 1623 et
339 1564 466 1624 totidem
487 1565 581 1641 plagis
603 1565 805 1626 consumimus
826 1566 944 1627 hostem

109 1661 191 1719 lento
211 1659 357 1720 Samnites
378 1661 419 1721 ad
438 1661 551 1722 lumina
572 1662 668 1739 prima
688 1665 797 1724 duello

110 1757 241 1817 Discedo
263 1760 390 1850 dicaeus
410 1771 523 1836 puncto
544 1760 622 1820 illius
631 1782 640 1835 3
661 1760 711 1821 ille
731 1780 800 1822 meo
821 1760 911 1838 quis?

110 1855 185 1930 Quis
205 1854 262 1916 nisi
277 1856 500 1917 Callimachus?
521 1859 552 1919 Si
573 1860 642 1936 plus
656 1860 820 1936 adposcere
834 1859 923 1931 visus,
952 1881 1008 1919 100
1074 1889 1082 1896 -
1140 1847 1141 1854 ἵ

109 1955 141 2012 fit
163 1953 360 2013 Mimnermus
381 1967 411 2016 et
432 1954 535 2031 optivo
555 1956 736 2033 cognomine
756 1956 870 2018 crescit.

110 2054 207 2112 Multa
226 2054 296 2125 fero,
319 2064 352 2113 ut
371 2037 488 2130 placem
509 2075 604 2133 genus
624 2054 762 2116 irritabile
782 2067 893 2128 vatum,

109 2169 178 2209 cum
198 2150 296 2210 scribo
316 2161 346 2210 et
367 2153 494 2229 supplex
513 2153 617 2229 populi
637 2151 774 2230 suffragia
792 2162 902 2230 captor

109 2247 189 2308 idem
209 2247 299 2308 finitis
320 2249 424 2309 studiis
445 2260 475 2310 et
495 2263 597 2310 mente
617 2263 738 2328 recepta

110 2345 244 2418 obturem
265 2346 379 2420 patulas
399 2343 512 2422 inpune
532 2345 699 2421 legentibus
720 2342 805 2405 auris.
952 2363 1007 2423 105

110 2441 258 2501 Ridentur
277 2443 355 2501 mala
375 2441 426 2520 qui
447 2455 634 2520 componunt
653 2441 801 2518 carmina;
821 2462 924 2503 verum

109 2537 239 2612 gaudent
260 2536 420 2598 scribentes
442 2549 472 2597 et
492 2557 525 2598 se
544 2550 722 2599 venerantur
741 2549 772 2599 et
792 2539 878 2612 ultr0‚

110 2637 133 2695 si
154 2646 262 2708 taceas,
284 2636 406 2696 laudant
427 2635 569 2713 quicquid
590 2636 733 2713 scripsere
753 2636 842 2697 beati.

110 2736 149 2793 At
171 2731 223 2809 qui
243 2731 407 2810 legitimum
429 2732 531 2810 cupiet
553 2732 658 2794 fecisse
679 2751 797 2810 poema,

109 2848 178 2886 cum
198 2828 306 2888 tabulis
326 2827 459 2888 animum
480 2829 610 2889 censoris
631 2840 728 2889 sumet
747 2824 864 2888 honesti
874 2846 884 2900 ;
952 2849 1009 2888 110

110 2922 231 2983 audebit
251 2943 459 3001 quaecumque
478 2945 583 3001 pamm
604 2922 770 3002 splendoris
790 2924 945 2984 habebunt

110 3030 140 3078 et
160 3018 224 3079 sine
244 3022 378 3096 pondere
399 3033 485 3082 erunt
505 3033 535 3083 et
555 3023 670 3082 honore
690 3021 813 3098 indigna
832 3022 962 3082 serentur

110 3115 199 3174 rerba
219 3134 339 3178 movere
358 3119 436 3191 loco,
458 3118 594 3196 quamvis
614 3117 707 3180 invita
727 3118 868 3178 recedant

288 3317 327 3378 89.
362 3317 495 3370 aazia...ille
506 3319 610 3370 BOMK
630 3337 636 3371 ι
652 3320 693 3369 ln'c
703 3320 745 3371 illi
755 3336 780 3371 ω.
