2309 3684
112 212 151 269 30
278 192 405 254 HORA
410 195 457 254 TI
479 192 814 255 EPISTULARUM
832 188 927 271 [XVI.
943 208 1004 267 3-

67 322 73 435 j'
111 342 247 419 pomisne
267 363 306 403 an
326 341 416 420 pratis
436 362 474 402 an
494 341 604 402 amicta
623 340 732 401 vitibus
754 342 845 413 ulmo,

65 444 69 501 ἒ
112 439 252 501 scribetur
270 440 325 501 tibi
345 443 439 500 forma
457 439 622 516 loquaciter
641 448 672 498 et
692 436 763 498 situs
783 436 851 516 agri

61 524 66 609 i
112 534 255 597 Continui
274 547 400 608 montes,
421 534 453 595 ni
472 534 668 596 dissocientur
688 553 782 612 opaea
985 550 1001 610 5

55 664 60 719 ί
111 635 195 705 valle,
217 634 271 694 sed
290 644 324 693 ut
343 632 464 693 veniens
485 635 630 693 dextrum·
642 632 718 690 latus
738 629 861 708 aspiciat
881 631 936 704 sol,
964 666 993 693 r

53 722 57 765 ¹
112 730 228 787 laevum
248 727 403 789 discedens
424 747 508 788 curru
529 728 660 805 fugiente
680 738 809 805 vaporet.

112 827 299 906 Temperiem
319 828 430 887 laudes.
474 824 563 901 Quid,
585 825 610 884 si
629 824 794 885 rubicunda
812 824 933 902 benigni

113 908 203 983 corna
222 942 326 1001 vepres
346 934 376 983 et
396 942 492 999 pruna
511 923 628 981 ferant?
655 919 680 980 si
700 940 825 998 quercus
847 932 876 981 et
899 922 957 981 ilex

112 1023 206 1080 multa
224 1022 306 1098 fruge
326 1039 424 1097 pecus,
445 1021 539 1080 multa
558 1017 713 1079 dominum
726 1017 806 1079 iuvet
819 1020 946 1080 umbra?
969 1037 1005 1077 ιο

113 1117 205 1176 Dicas
225 1116 386 1175 adductum
406 1113 527 1191 propius
546 1115 683 1175 frondere
702 1117 873 1174 Tarentum.

114 1215 194 1272 Fons
214 1212 303 1272 etiam
323 1210 386 1272 rivo
406 1212 477 1272 dare
497 1230 609 1271 nomen
629 1210 765 1279 idoneus,
785 1223 819 1270 ut
838 1229 896 1270 nec

113 1307 243 1385 frigidior
262 1309 409 1367 Thracam
430 1327 487 1367 nec
507 1308 608 1385 purior
628 1307 740 1369 ambiat
761 1309 892 1380 Hebrus,

114 1404 231 1466 infirmo
252 1404 343 1482 capiti
362 1404 427 1466 fluit
446 1404 533 1477 utilis,
554 1404 634 1465 utilis
655 1406 731 1465 alvo.

115 1504 185 1562 Hae
204 1504 332 1563 latebrae
353 1503 455 1562 dulces
476 1501 574 1576 etiam,
595 1501 620 1561 si
639 1501 744 1575 credis,
764 1520 909 1562 amoenae
970 1518 1004 1578 15

114 1598 293 1660 incolumem
313 1598 367 1659 tibi
387 1618 436 1659 me
455 1609 604 1676 praestant
624 1597 845 1675 Septembribus
865 1596 951 1658 horis
984 1642 986 1647 -

116 1696 164 1756 Tu
184 1705 264 1756 recte
283 1693 356 1757 vivis
376 1695 401 1756 si
421 1714 505 1755 curas
526 1695 693 1772 essequod
713 1693 806 1755 audis.

117 1794 266 1852 Iactamus
286 1792 482 1870 iampridem
502 1792 600 1852 omnis
620 1803 650 1851 te
671 1794 770 1852 Roma
789 1791 929 1851 beatum:

116 1890 169 1948 sed
189 1908 292 1951 vereor
310 1909 350 1949 ne
370 1888 418 1949 cui
438 1891 478 1949 de
498 1899 527 1948 te
547 1891 614 1966 plus
634 1908 723 1966 quam
744 1887 797 1948 tibi
818 1889 929 1962 credas,

116 2007 190 2049 neve
210 1998 296 2065 putes
316 1977 406 2047 alium
427 1986 562 2063 sapiente
581 1987 722 2063 bonoque
741 1988 871 2058 beatum,
971 2006 1007 2042 20

116 2102 184 2156 neu,
205 2082 231 2143 si
249 2094 280 2144 te
299 2085 427 2160 populus
447 2103 551 2144 sanum
571 2095 711 2161 recteque
730 2085 879 2143 valentem

117 2179 239 2250 dictitet,
259 2181 407 2239 occultam
428 2180 540 2240 febrem
561 2182 617 2240 sub
638 2190 754 2257 tempus
775 2177 885 2240 edendi

116 2274 292 2349 dissimules,
313 2276 411 2335 donec
431 2274 568 2336 manibus
588 2286 698 2337 tremor
717 2275 829 2336 incidat
849 2275 952 2335 unctis

118 2374 279 2433 Stultorum
298 2370 431 2432 incurata
450 2375 548 2450 pudor
566 2375 663 2434 malus
683 2375 782 2434 ulcera
800 2373 884 2434 celat

118 2469 212 2549 Siquis
233 2472 312 2531 bella
331 2469 385 2531 tibi
405 2481 479 2531 terra
499 2482 630 2549 pugnata
649 2471 783 2546 marique
973 2486 1007 2546 25

118 2570 198 2631 dicat
218 2581 248 2629 et
268 2568 313 2629 his
333 2567 431 2629 verbis
450 2588 556 2627 vacuas
577 2570 760 2645 permulceat
779 2566 865 2641 auris,

120 2672 205 2726 ‘tene
224 2664 318 2743 magis
338 2666 450 2725 salvum
471 2666 599 2743 populus
619 2664 690 2725 velit
710 2683 748 2723 an
768 2665 913 2741 populum
933 2672 974 2734 tu,
997 2685 1041 2711 -o

119 2777 213 2828 servet
232 2764 264 2824 in
284 2762 424 2840 ambiguo
444 2761 495 2840 qui
515 2759 643 2822 consulit
662 2772 693 2823 et
713 2760 767 2822 tibi
788 2772 818 2822 et
837 2760 903 2821 urbi

168 2947 191 2995 3.
219 2946 254 2980 an
259 2928 373 2994 pratisp
385 2927 449 2977 BM:
465 2934 489 2976 et
493 2927 580 2992 pratis
590 2945 625 2990 αγ
636 2926 695 2977 ΟΚ.
790 2937 813 2988 5.
848 2925 880 2976 m*
888 2940 908 2985 γ
918 2923 1011 2975 BOM:

119 3012 144 3060 si
152 3014 186 3073 αβ
197 3012 231 3061 K.
309 3022 331 3073 7.
363 3009 486 3058 discedens
496 3007 522 3058 ω’
533 3009 585 3061 01<
595 3028 602 3060 =
623 3007 762 3058 descendens
773 3014 815 3059 ft
833 3007 941 3057 decadem
952 3006 1011 3054 ΒΜ.

120 3094 145 3142 8.
177 3091 277 3156 benigni
287 3090 312 3139 ul
323 3091 443 3142 BOKM:
465 3091 592 3154 benignae.
640 3105 665 3155 9.
690 3090 876 3153 serant-iuvet
885 3106 904 3137 ω
915 3088 1012 3139 OKM:

112 3172 308 3236 serant-iuvat
318 3173 346 3223 B.
408 3172 433 3221 si
441 3175 478 3236 βγ
488 3174 610 3225 BOKM:
631 3179 656 3222 et
665 3189 689 3221 α.
780 3188 818 3233 14.
850 3170 928 3227 utilis,
942 3170 1013 3219 utilis

121 3251 147 3300 ω’
158 3252 277 3302 ΒΟΚΜι
298 3260 370 3315 aptus
379 3260 402 3302 et
412 3254 491 3304 utilis.
573 3267 611 3317 15.
643 3256 716 3303 etiam
726 3254 751 3303 si
759 3254 834 3304 credis
845 3271 863 3302 ω
875 3252 972 3304 ΟΚΜε
991 3255 1015 3299 ct

122 3333 185 3399 (iam
194 3333 218 3382 a·
225 3333 310 3394 credis)
322 3333 353 3382 B.
416 3350 457 3384 aa.
481 3335 577 3399 febrem
588 3353 608 3384 ω
617 3336 695 3386 ΒΚΜ
706 3352 713 3385 :
723 3336 817 3402 febrim
828 3336 861 3387 0.
