2309 3684
86 217 119 255 12
212 266 220 289 ι
254 194 436 257 HORATI
456 188 976 273 EPISTULARUM.MV.10-

82 259 187 431 gaiis,
204 345 290 415 sama,
311 338 451 424 ualetudo
471 341 625 419 contingat
643 338 770 415 abunde,
941 360 976 398 ιο

84 453 114 502 et
133 437 387 514 mundus'victus‚
410 458 473 499 non
494 437 652 521 deficiente
672 438 839 497 crumena?

85 525 172 599 Inter
187 557 272 616 spem
292 556 461 614 curamque,
484 535 604 597 timores
623 534 699 594 inter
719 546 750 595 et
769 535 826 594 iras

85 653 204 695 omnem
225 636 314 719 crede
333 633 415 694 diem
435 632 490 693 tibi
510 632 650 718 diluxisse
670 631 858 719 supremum:

56 743 166 823 bgrata
186 726 371 808 superveniet
390 749 467 807 quae
488 748 550 789 non
571 729 737 806 sperabitur
753 730 836 799 bora.

86 831 139 889 Me
158 828 299 906 pinguem
320 837 350 887 et
369 826 497 887 nitidum
518 826 599 886 bene
614 836 715 885 curata
734 836 803 886 cute
822 824 907 901 vises,
941 844 975 903 15

85 948 153 988 cum
173 923 267 988 ridere
287 927 377 999 voles,
401 923 528 1009 Epicuri*
541 926 581 986 de
601 943 688 1002 grege
710 943 783 1001 porc
799 944 858 985 um.
908 952 937 983 f

519 1232 557 1294 V.

88 1384 118 1444 Si
138 1395 225 1462 potes
245 1383 395 1445 Archiacis
416 1383 541 1471 conviva
561 1383 733 1454 recumbere
752 1379 835 1443 lectis

87 1499 145 1540 nec
164 1482 283 1543 modica
302 1501 408 1543 cenare
429 1482 515 1542 times
535 1482 621 1541 holus
642 1500 731 1541 omne
751 1481 868 1557 patella,

88 1595 226 1653 supremo
246 1588 277 1638 te
297 1579 360 1638 sole
380 1577 471 1661 domi,
494 1580 655 1654 Torquate,
676 1577 813 1636 manebo.

87 1672 167 1732 Vina
185 1674 271 1735 bibes
291 1673 397 1734 iterum
417 1677 517 1734 Tauro
536 1673 646 1735 diffusa
661 1672 802 1750 palustris

88 1769 163 1830 inter
183 1771 350 1830 Minturnas
371 1770 643 1856 Sinuessanumque
665 1760 824 1830 Petrinum
964 1783 978 1841 5

88 1866 119 1927 si
139 1868 244 1928 melius
264 1868 338 1945 quid
358 1854 597 1941 habes,'arcesse
602 1891 611 1945 3
631 1871 679 1929 vel
699 1867 855 1946 imperium
875 1867 924 1927 fer.
969 1849 1009 1888 s
1029 1942 1032 1947 ἱ

89 1966 258 2026 Iandudum
279 1968 415 2044 splendet
435 1971 518 2028 focus
539 1979 570 2029 et
590 1967 645 2028 tibi
665 1969 776 2028 munda
796 1968 935 2044 supellex.

54 2131 59 2138 ι
79 2062 178 2122 Mitte
198 2063 269 2123 levis
290 2083 358 2141 spes
378 2075 409 2125 et
429 2060 593 2125 certamina
613 2063 779 2125 divitiarum

90 2170 119 2218 et
140 2159 259 2219 Moschi
279 2179 416 2222 causam:
435 2181 500 2221 cras
520 2172 593 2222 nato
615 2145 743 2223 Caesare
762 2163 854 2222 festus

89 2258 140 2317 dat
159 2259 276 2318 veniam
297 2277 495 2336 somnumque
515 2260 579 2319 dies
585 2283 594 2336 3
615 2259 738 2338 impune
758 2259 859 2321 licebit
946 2280 981 2317 10

89 2354 230 2415 aestivam
250 2374 386 2416 sermone
406 2355 537 2433 benigno
559 2355 682 2417 tendere
702 2367 830 2416 noctem.
1002 2367 1004 2370 ’

90 2453 157 2528 Quo
178 2451 251 2512 mihi
270 2454 428 2526 fortunam,
449 2453 555 2513 sinon
576 2453 752 2514 conceditur
771 2453 832 2513 uti?

89 2552 198 2610 Parcus
219 2552 259 2611 ob
279 2550 396 2612 heredis
417 2569 518 2610 curam
538 2549 725 2627 nimiumque
745 2568 863 2610 severus

89 2646 204 2707 adsidet
224 2647 337 2709 insano.
380 2646 487 2708 Potare
508 2659 538 2707 et
558 2666 694 2723 spargere
714 2648 801 2707 flores

88 2743 228 2822 incipiam
248 2745 401 2822 patiarque
421 2746 469 2804 vel
489 2743 675 2803 inconsultus
695 2743 804 2804 haberi.
829 2792 833 2801 .
947 2762 981 2820 15

91 2840 172 2915 Quid
192 2834 255 2901 non
275 2841 400 2902 ebrietas
420 2841 582 2917 dissignat?
622 2843 735 2917 Operta
754 2840 886 2913 recludit,

140 3023 178 3059 11.
212 3016 235 3058 et
245 3008 353 3058 mu‘ndus
363 3005 422 3072 αβγ’
427 3021 434 3057 t
455 3015 479 3059 ct
489 3009 574 3059 neodus
584 3015 608 3058 et
617 3006 651 3072 γ”
656 3026 664 3059 2
685 3015 710 3058 ct
722 3008 840 3058 domaret
850 3009 880 3058 B.
928 3026 984 3091 crac·
1050 3053 1053 3060 .

91 3107 163 3140 neena
172 3093 191 3152 β
202 3091 293 3140 BOM:
316 3091 432 3140 crumina
443 3106 478 3150 αγ
488 3091 523 3139 Κ.

125 3169 230 3220 ·v.-6.
253 3172 277 3220 ri
286 3188 313 3219 ω.
362 3187 399 3221 11.
424 3171 541 3220 aestivam
553 3169 576 3220 ω’
589 3171 663 3221 BOK
671 3182 678 3218 τ
687 3171 808 3235 fistivam
820 3172 848 3220 M
859 3172 984 3223 Meineke.

94 3265 131 3298 rr.
164 3264 211 3312 quo
228 3255 265 3300 5⁸:
287 3252 356 3314 quid.
405 3251 542 3314 fhrtunam
558 3250 623 3314 α’βγ
639 3249 853 3318 ΒΟΚερνίακα
869 3252 931 3318 α”β”
943 3255 984 3303 Μ.

95 3328 131 3378 ι6.
164 3328 285 3393 dissignat
295 3332 369 3380 codd.
381 3339 433 3396 opt.
447 3331 519 3382 KM:
538 3333 651 3396 designat
661 3333 716 3383 ΒΟ.
943 3357 947 3365 ·
