2309 3684
136 207 177 264 11.
197 203 277 286 199.]
480 204 622 265 LIBER
649 205 694 263 Il.
1000 218 1038 277 59
1147 153 1148 206 ι

135 373 214 414 nunc
234 372 331 431 prece,
357 371 439 412 nunc
460 352 566 428 pretio,
590 368 672 410 nunc
696 349 734 422 vi,
759 366 839 409 nunc
863 356 958 407 morte

215 469 355 528 suprema

134 560 281 626 permutet
306 549 448 608 dominos
472 559 502 608 et
526 547 614 636 cedat
638 546 669 605 in
690 546 783 604 altera
806 545 875 605 iura

134 646 183 703 Sic
203 645 273 720 quia
291 654 453 720 perpetuus
472 644 546 703 nulli
567 643 655 702 datur
674 661 744 701 usus
764 652 794 702 et
814 641 900 701 heres
982 658 1035 718 175

134 741 275 801 heredem
296 741 415 801 alterius
435 742 515 801 velut
536 740 619 800 unda
638 740 808 816 supervenit
827 740 948 811 undam,

135 839 281 923 quidw
226 840 284 898 vici
303 850 429 914 prosunt
448 850 500 898 aut
519 840 633 911 horrea,
655 838 765 914 quidve
785 836 918 898 Calabris

134 937 256 995 saltibus
230 906 386 1028 ²“adiecti
408 935 529 1009 Lucani,
553 934 578 995 si
600 937 684 995 metit
707 936 802 995 Orcus

133 1032 259 1109 grandia
277 1047 347 1092 curn
367 1022 474 1107 parvis,
494 1051 556 1092 non
577 1033 733 1092 exorabilis
753 1032 848 1091 auro?

134 1130 287 1200 Gemmas,
302 1147 437 1202 marmor,
448 1130 529 1200 ebur,
543 1129 698 1207 Tyrrhena
712 1128 814 1208 spilla,
830 1129 962 1199 tabellas,
981 1131 1037 1186 180

134 1237 300 1305 argentum,
321 1228 413 1287 vestis
434 1228 562 1287 Gaetulo
578 1227 696 1286 -murice
717 1224 832 1298 tinctas,
1017 1227 1043 1282 Χ
1054 1215 1074 1283 's

134 1337 204 1387 sunt
225 1328 278 1403 qui
298 1346 361 1387 non
383 1327 521 1401 habeant,
544 1336 590 1386 est
610 1326 662 1403 qui
682 1344 745 1385 non
767 1334 852 1384 curat
872 1323 989 1384 habere.

135 1425 197 1484 Cur
217 1425 293 1484 alter
312 1421 433 1483 fratrum
454 1442 569 1508 cessare
591 1434 621 1483 et
641 1423 742 1484 ludere
762 1432 793 1482 et
813 1423 904 1498 ungui

133 1521 280 1597 praeferat
301 1520 434 1580 Herodis
456 1521 594 1597 palmetis
616 1519 784 1595 pinguibus,
806 1519 879 1578 alter

133 1617 218 1675 dives
238 1626 269 1675 et
291 1616 477 1700 importunus
499 1616 539 1675 ad
559 1617 696 1674 umbram
716 1613 789 1673 lucis
810 1613 849 1674 ab
871 1622 938 1673 ortu
982 1616 1035 1691 185

134 1714 298 1772 silvestrem
317 1714 443 1772 flammis
464 1723 495 1773 et
514 1715 591 1773 {erro
612 1713 726 1789 mitiget
746 1731 857 1789 agrurn,

134 1810 190 1869 scit
210 1812 333 1882 Genius
355 1812 454 1870 natale
476 1829 578 1870 comes
599 1809 650 1887 qui
671 1813 816 1886 temperat
836 1817 955 1880 astrum,

134 1920 258 1969 naturae
279 1910 354 1970 deus
375 1910 532 1981 humanae,
555 1910 686 1969 mortalis
705 1910 737 1967 in
750 1893 850 1996 ιιιιιιιιι

134 2007 277 2082 quodque
299 1989 396 2098 capud
418 2006 500 2064 voltu
521 2005 681 2079 mutabilis
702 2004 787 2064 albus
808 2013 839 2063 et
858 2014 928 2064 ater.

135 2104 212 2161 Utar
232 2114 262 2163 et
284 2121 322 2161 ex
335 2101 457 2161 modico
477 2114 623 2178 quantum
645 2120 691 2160 res
712 2111 818 2177 poscet
838 2118 942 2161 acervo
981 2121 1037 2176 190

134 2198 246 2273 tollam,
267 2217 326 2259 nec
346 2208 479 2259 metuam
499 2200 571 2275 quid
593 2201 632 2259 de
654 2217 703 2258 me
724 2198 835 2258 iudicet
856 2199 951 2269 heres,

134 2297 217 2373 quod
237 2313 303 2356 non
322 2296 409 2371 plura
429 2295 506 2355 datis
527 2297 690 2388 invenerit:
712 2306 742 2356 et
762 2306 864 2356 tamen
884 2296 965 2355 idem

105 2457 118 2476 h
132 2395 208 2478 spire
229 2394 339 2464 volam,
361 2402 506 2468 quantum
528 2392 653 2470 simplex
672 2390 832 2469 hilarisque
853 2394 956 2476 nepoti

31 2505 52 2552 «ί,
81 2476 99 2576 ’ζ
134 2492 283 2567 discrepet
306 2501 336 2550 et
358 2502 504 2566 quantum
526 2491 678 2551 discordet
699 2510 806 2574 parcus
826 2509 924 2551 avaro.

135 2589 235 2647 Distat
255 2588 346 2658 enim,
369 2606 489 2665 spargas
509 2599 562 2670 tua
581 2589 723 2666 prodigus
743 2607 783 2647 an
804 2607 903 2665 neque

213 2673 479 2762 sumptummfflvt
980 2705 1034 2762 195

133 2784 243 2882 inuitus
262 2783 354 2842 facias
374 2800 473 2872 neque
493 2784 579 2859 plura
598 2803 702 2867 parare
721 2784 847 2858 labores,

133 2898 169 2938 ac
188 2855 300 2956 potius,
321 2897 397 2954 puer
417 2889 450 2938 ut
472 2880 553 2939 festis
576 2879 803 2974 quinquatribus
823 2881 905 2953 olim,

133 2977 240 3053 exiguo
260 2984 403 3053 gratoque
422 2966 538 3036 fruaris
544 2989 679 3056 tempme
695 2980 821 3055 ιιιιιιιιιι.Ι

132 3074 296 3152 Pmperiffl
313 3075 471 3136 inmunda
490 3077 599 3138 domus
618 3077 721 3153 procul
741 3077 836 3136 absit:
857 3095 913 3153 ego
933 3085 1031 3136 utrum

184 3231 240 3281 175.
272 3218 310 3267 sic
319 3219 379 3283 quia
391 3222 518 3273 s‘BOMK
538 3238 546 3272 ι
561 3221 587 3270 si
595 3222 656 3286 quia
668 3215 699 3269 ω’.
844 3220 896 3283 176.
932 3222 1036 3272 alterius

134 3297 244 3374 ur'OMK
263 3316 270 3349 ι
286 3300 389 3351 alternis
402 3304 431 3354 B.
554 3318 608 3369 199.
642 3303 729 3354 domus
733 3301 824 3368 procul
832 3303 894 3352 abrit
904 3300 1034 3354 u‘OMK:

127 3381 219 3446 procul
222 3382 315 3446 procul
323 3383 388 3433 absit
398 3385 429 3434 B.
