2309 3684
162 195 237 252 V11·
253 190 316 275 4s·]
515 190 762 256 trauan·
1020 212 1055 266 η
1149 227 1151 231 -

163 342 229 402 ‘Ut
249 340 340 402 libetr
363 342 438 402 haec
456 341 555 418 porcis
575 341 666 403 hodie
686 341 873 403 comedenda
892 339 1058 418 relinques'

161 427 315 516 Prodigus
331 450 361 500 et
381 440 486 499 stultus
505 439 599 499 donat
618 457 696 516 quae
715 438 827 517 spernit
845 449 876 500 et
896 439 977 500 odit:
1019 459 1057 498 20

161 537 240 596 haec
260 554 343 613 seges
363 535 492 613 ingratos
513 534 578 596 tulit
598 546 629 596 et
649 537 722 597 feret
742 535 880 597 omnibus
899 533 993 596 annis.

162 631 219 691 Vir
238 633 335 693 bonus
355 643 386 693 et
406 631 522 709 sapiens
542 632 639 709 dignis
659 632 701 692 ait
720 651 785 693 esse
804 643 941 709 paratus:

162 748 222 789 nec
241 738 341 790 tamen
360 728 475 807 ignorat
495 729 568 806 quid
586 729 698 791 distent
717 748 785 790 aera
802 728 919 807 lupinis

163 826 299 904 Dignum
318 829 477 904 praestabo
497 844 545 887 me
566 826 657 888 etiam
675 845 730 903 pro
748 827 837 887 laude
857 827 1002 888 merentis.

163 924 283 1000 Quodsi
301 943 351 984 me
371 925 455 984 noles
475 942 602 1001 usquam
622 923 783 998 discedere,
803 925 910 1013 reddes
1019 944 1034 982 2
1039 941 1054 1001 5

161 1024 240 1083 forte
259 1023 343 1096 latus,
365 1020 463 1098 nigros
483 1031 609 1099 angusta
627 1022 724 1081 fronte
743 1021 873 1098 capillos,

161 1120 271 1180 reddes
290 1120 378 1178 dulce
397 1117 486 1196 loqui,
507 1120 615 1180 reddes
634 1117 729 1179 ridere
747 1119 887 1179 decorum
907 1129 938 1180 et
961 1131 997 1150 ”“

161 1206 243 1277 infer
260 1215 329 1276 vina
347 1218 450 1293 fugam-
468 1205 594 1281 Ginaiae'
613 1235 743 1277 maerere
761 1226 922 1292 protervae.

162 1315 256 1373 Forte
273 1332 327 1390 per
346 1323 499 1389 angustam
520 1311 618 1373 tenuis
637 1314 792 1389 volpecula
811 1313 915 1373 rimam

162 1419 294 1486 repserat
313 1407 344 1468 in
365 1427 515 1469 cumeram
535 1408 683 1482 frumenti,
703 1419 849 1486 pastaque
867 1428 964 1471 rursus
1018 1429 1056 1486 30

162 1505 206 1566 ire
226 1508 303 1566 foras
322 1507 412 1583 pleno
431 1506 573 1566 tendebat
593 1523 717 1582 corpore
736 1507 848 1566 frustra

163 1604 223 1666 Cui
243 1605 370 1664 mustela
388 1604 492 1681 procul
513 1601 555 1662 ‘si
575 1601 634 1663 vis’
655 1601 696 1662 ait
717 1604 861 1680 ‘effugere
880 1601 974 1677 istinc,

161 1718 263 1759 macra
283 1718 390 1759 cavum
408 1709 524 1776 repetes
544 1710 649 1777 artum,
670 1718 760 1777 quem
779 1719 879 1760 macra
898 1699 1021 1760 subisti!

163 1799 236 1857 Hac
256 1815 312 1874 ego
333 1795 358 1857 si
377 1798 539 1874 'compellor
558 1782 695 1874 imagine,
716 1806 824 1857 cuncta
843 1795 977 1874 resign03

162 1913 222 1955 nec
242 1913 380 1955 somnum
400 1894 495 1972 plebis
515 1895 606 1955 laudo
626 1904 706 1954 satur
725 1894 859 1968 altilium,
879 1911 1000 1960 neo(
1016 1910 1054 1972 35

163 1990 227 2053 otia
246 1989 355 2052 divitiis
374 1992 506 2052 Arabum
525 1989 673 2052 liberrima
692 2002 784 2052 muto

164 2089 261 2165 Saepe
280 2087 481 2147 verecundum
500 2084 636 2159 laudasti,
655 2105 766 2164 rexque
785 2096 929 2163 paterque

163 2183 272 2244 audisti
293 2202 402 2255 coram,
423 2202 480 2244 nec
499 2183 591 2243 verbo
610 2180 728 2260 parcius
747 2182 872 2244 absens:

163 2281 276 2359 inspice
297 2279 322 2341 si
340 2299 463 2357 possum
483 2281 594 2340 donata
613 2298 755 2357 reponere
773 2280 877 2340 laetus.

164 2380 259 2440 Haud
278 2380 355 2438 male
375 2368 581 2449 Telemachus,
602 2379 700 2453 proles
720 2375 860 2454 patientis
880 2374 970 2451 Ulixi,
1017 2397 1055 2450 40

165 2480 244 2536 ‘non
264 2485 310 2536 est
330 2484 416 2552 aptus
436 2473 519 2551 equis
540 2475 644 2534 Ithace
663 2474 755 2547 locus,
775 2485 809 2535 ut
828 2492 926 2551 neque
946 2472 1043 2552 planis

162 2581 317 2648 porrectus
336 2568 437 2647 spatiis
457 2588 515 2630 nec
534 2571 645 2630 multae
664 2569 804 2647 prodigus
823 2570 951 2630 herbae:
994 2574 1000 2581 ’
1067 2579 1069 2581 ’

162 2667 276 2741 Atride,
297 2667 389 2744 magis
410 2677 480 2743 apta
499 2665 553 2727 tibi
573 2677 624 2726 tua
643 2666 724 2727 dona
742 2666 925 2742 relinquam!

164 2769 292 2827 Parvum
312 2783 403 2843 parva
421 2765 547 2825 decent:
570 2761 643 2822 mihi
662 2760 722 2822 iam
741 2783 803 2825 non
823 2761 902 2842 regia
921 2764 1028 2836 Roma,

164 2861 218 2921 sed
236 2878 363 2920 vacuum
382 2858 476 2919 Tibur
494 2846 592 2935 placet
611 2866 663 2917 aut
682 2855 791 2918 inbelle
811 2860 980 2918 Tarentum
1016 2874 1052 2934 45

214 3105 253 3156 19·
285 3090 573 3156 relinquessBOKM:
594 3089 723 3155 relinquis.
806 3104 846 3139 aa.
873 3089 1056 3153 paratusa‘fip

163 3173 285 3225 BOKM:
301 3178 423 3236 paratum
435 3170 502 3236 α”β”.
550 3185 592 3239 ²9·
619 3171 788 3235 volnxulaorr
809 3168 921 3219 nitedula
932 3169 962 3220 Β.
1013 3168 1053 3233 34.

162 3254 335 3319 compellas:
358 3253 494 3317 compellar.
558 3267 599 3316 40.
626 3251 796 3316 patientiss:
816 3248 939 3313 sapientis.
986 3248 1059 3301 witi

163 3333 269 3399 α’βΜε
294 3333 378 3384 Ulixei
386 3334 470 3398 γΟΒ.
534 3348 574 3396 41.
595 3330 855 3396 1ΙίὴιτειέΚΟΒΜτ
876 3331 983 3381 Ithacae.

243 3449 277 3491 W·
288 3445 320 3491 H.
958 3445 973 3483 2
