2309 3684
145 153 153 177 ,
183 206 235 266 1v.
254 203 294 286 a]
534 209 721 269 aramus.

184 372 237 414 seu
256 293 385 431 linguam
406 354 503 415 causis
524 355 613 428 acuis,
635 374 688 415 seu
708 353 800 415 civica
820 351 883 414 iura
936 360 939 365 '

184 453 362 528 respondere
381 470 475 529 paras,
498 470 550 512 seu
570 450 675 541 condis
695 451 823 512 amabile
843 440 1016 521 carmen,

184 548 277 624 prima
296 551 371 609 seres
391 548 518 609 hederae
539 547 664 608 victricis
683 548 825 625 praemia
868 546 986 623 Quodsi
1036 565 1073 624 ²5

183 644 286 721 frigida
305 664 442 705 curarum
460 647 594 723 fomenta
614 644 779 720 relinquere
798 662 910 720 posses,

183 759 242 816 quo
262 752 292 801 te
313 739 612 841 Qapientia
632 739 791 815 duceret,
782 760 847 802 lres.

183 839 254 898 Hoc
274 858 359 934 opus,
380 841 439 899 hoc
458 826 591 899 siudium
610 838 692 917 parvi
711 857 904 915 properemus
924 849 954 899 et
974 836 1074 915 ampli,

183 935 208 995 si
227 931 338 1013 patriae
358 939 503 1012 volumus,
524 936 550 996 si
569 936 657 997 nobis
677 935 774 996 vivere
794 935 860 996 cari
956 939 960 947 '

184 1034 285 1093 Debes
305 1035 364 1093 hoc
384 1034 473 1094 etiam
493 1033 660 1111 rescribere,
681 1033 719 1093 sit
739 1033 793 1093 tibi
813 1052 900 1093 curae
1036 1053 1075 1109 30

127 1134 132 1144 '
156 1187 161 1195 ,
183 1129 311 1207 quantae
331 1131 488 1215 conveniat
509 1132 671 1214 Munatius.
713 1134 763 1190 An
783 1132 957 1191 malesarta

182 1226 274 1303 gratia
294 1221 475 1307 nequiquam
490 1227 556 1314 ¹coit
576 1238 607 1289 et
626 1226 809 1297 rescinditur,
830 1247 867 1287 ac
886 1247 939 1288 vos
985 1246 1037 1281 s

105 1343 107 1347 ’
182 1342 236 1382 seu
255 1323 369 1383 calidus
390 1323 507 1400 sanguis
528 1344 581 1384 seu
600 1344 697 1385 rerum
717 1323 834 1384 inscitia
853 1333 941 1384 vexat

181 1418 328 1479 indomita
347 1418 460 1479 cervice
480 1422 578 1480 seros?
606 1420 798 1497 Ubicumque
818 1422 952 1480 locorum

182 1513 285 1589 vivitis,
307 1513 601 1591 indignitratemum
621 1536 756 1593 rumpere
778 1518 890 1589 foedus,
1037 1535 1073 1593 35

182 1611 311 1689 pascitur
331 1611 363 1671 in
382 1623 511 1673 vestrum
531 1614 658 1674 reditum
678 1613 778 1675 votiva
797 1614 931 1675 iuvenca
1063 1623 1065 1627 ’

602 1924 655 1982 IV.

182 2068 260 2143 Albi,
281 2082 449 2131 nostrorum
471 2058 641 2131 sermonum
662 2069 789 2130 candide
810 2067 908 2141 iudex,

160 2168 254 2244 fquid
274 2188 355 2231 nunc
375 2181 406 2228 te
425 2168 523 2228 dicam
543 2170 641 2228 facere
660 2166 691 2226 in
712 2167 833 2244 regione
853 2148 995 2228 l3edana?

160 2287 162 2291 ¹
181 2264 313 2325 Scribere
333 2265 416 2340 quod
437 2263 521 2327 Cassi
542 2263 709 2325 Parmensis
729 2264 873 2340 opuscula
892 2262 1000 2336 vincat,

181 2381 220 2420 an
241 2361 363 2421 tacitum
384 2361 471 2421 silvas
491 2362 567 2422 inter
587 2372 703 2438 reptare
722 2361 855 2435 salubris,

170 2461 333 2527 ,curantem
353 2457 495 2535 quicquid
514 2459 637 2534 dignum
656 2457 789 2533 sapiente
807 2460 949 2533 bonoque
967 2458 1035 2515 est?
1056 2473 1071 2532 5

181 2558 253 2615 Non
274 2567 306 2615 tu
327 2574 436 2631 corpus
456 2574 520 2615 eras
540 2554 605 2615 sine
624 2566 763 2631 pectore:
786 2553 817 2614 di
838 2554 892 2614 tibi
912 2555 1046 2624 sormam,

181 2653 213 2713 di
233 2652 287 2713 tibi
307 2652 423 2713 divitias
445 2653 592 2712 dederunt
615 2663 768 2728 artemque
788 2651 913 2712 fruendi.

181 2750 263 2827 Quid
282 2761 389 2810 voveat
409 2748 489 2809 dulci
509 2748 656 2809 nutricula
675 2748 769 2808 maius
789 2750 920 2821 alumno,

157 2914 160 2920 ,
180 2848 232 2925 qui
252 2865 355 2924 sapere
375 2857 406 2906 et
425 2845 478 2905 fari
498 2845 592 2923 possit
612 2865 689 2923 quae
710 2844 826 2917 sentiat,
847 2857 878 2904 et
892 2843 940 2903 cui

230 3027 270 3076 30.
301 3008 570 3073 rito‘KMrst'BO.
639 3025 679 3074 32.
712 3009 972 3060 arramato.
1033 3023 1072 3073 33.
1108 2970 1112 2978 ⁸

177 3111 295 3147 stu—reu
305 3093 426 3143 BOKM:
448 3093 577 3142 heu-heu
589 3099 620 3142 ε’.

230 3174 336 3236 IV.-5.
369 3171 554 3236 bormqucaW:
576 3173 712 3237 bonumque
720 3170 758 3235 γ”.
833 3169 858 3220 6.
890 3188 946 3221 erar
956 3190 983 3221 ω.
1050 3186 1063 3233 7

77 3228 84 3238 i
178 3255 298 3305 dederunt
307 3272 342 3316 αγ
353 3253 474 3304 BOKM:
490 3253 606 3303 dederant
614 3256 641 3317 β.
705 3267 730 3317 9.
759 3252 803 3315 qui
813 3249 853 3313 a'p
864 3251 984 3303 BOKM:
1000 3266 1072 3313 quam

179 3335 217 3389 a''.
