2309 3684
131 156 202 215 VII.
219 153 280 236 98.]
478 159 620 219 LIBER
638 161 666 218 I.
985 180 1020 236 19

130 305 252 365 tandem
270 303 431 366 dormitum
451 305 614 366 dimittitur.
658 304 720 365 Hic
739 306 793 366 ubi
813 323 902 383 saepe

126 404 279 464 'occultum
297 403 377 464 visus
397 405 551 464 decurrere
571 403 661 481 piscis
682 405 722 463 ad
741 405 870 476 hamum,

131 519 219 560 mane
238 500 330 560 cliens
351 513 381 561 et
400 499 460 560 iam
480 513 577 561 certus
598 500 729 574 conviva,
750 499 868 561 iubetur
986 518 1020 578 75

130 617 196 656 rura
216 597 385 658 suburbana
404 597 523 658 indictis
543 617 644 658 comes
664 597 706 660 ire
727 598 847 659 Latinis

132 692 283 770 Inpositus
303 694 420 753 mannis
440 714 543 753 arvum
562 696 739 772 caelumque
759 694 903 756 Sabinum

131 810 192 850 non
212 801 308 851 cessat
328 791 453 851 laudare.
481 792 590 851 ·Videt
609 792 744 869 ridetque
765 792 926 870 Philippus,

132 897 162 946 et
181 886 237 946 sibi
258 887 330 946 dum
350 887 491 964 requiem,
513 889 585 948 dum
605 888 678 948 risus
698 887 829 964 undique
850 887 970 964 quaerit,

133 982 203 1042 dnm
224 993 339 1058 septem
359 984 451 1043 donat
472 983 611 1057 sestertia,
633 993 736 1043 mutua
756 994 870 1061 septem
985 986 1022 1042 80

131 1078 284 1154 promittit,
305 1082 463 1157 persuadet
483 1080 527 1140 uti
546 1093 692 1141 mercetur
711 1083 846 1158 agellum.
880 1100 885 1107 ·

133 1174 290 1235 Mereatur.
332 1177 381 1235 Ne
401 1186 431 1236 te
452 1176 546 1252 longis
566 1176 741 1253 ambagibus
760 1179 837 1237 ultra

133 1289 224 1347 quam
244 1270 313 1331 satis
334 1284 378 1333 est
398 1292 503 1344 morer,
524 1293 560 1333 ex
580 1273 675 1334 nitido
695 1275 728 1333 fit
747 1273 872 1334 rusticus
892 1284 981 1351 atque

133 1370 230 1428 sulcos
251 1382 281 1430 et
301 1370 401 1430 vineta
421 1381 521 1450 crepat
540 1391 630 1445 mera,
651 1383 806 1449 praeparat
826 1374 931 1450 ulmos,

131 1462 286 1524 inmoritur
306 1465 413 1536 studiis
432 1476 462 1526 et
481 1485 583 1526 amore
603 1466 729 1526 senescit
748 1467 886 1528 habendi.
986 1469 1022 1544 85

131 1562 245 1621 Verum
265 1563 316 1622 ubi
336 1580 407 1622 oves
425 1563 513 1637 furto,
537 1564 643 1623 morbo
663 1561 774 1638 periere
794 1564 934 1639 capellae,

132 1678 219 1735 spem
239 1657 364 1719 mentita
383 1677 474 1736 seges,
496 1658 551 1719 bos
572 1669 618 1718 est
637 1668 760 1718 enectus
778 1659 898 1733 arando,

132 1745 262 1816 offenius
283 1755 398 1816 damnis
419 1755 518 1816 media
538 1757 576 1816 de
597 1766 686 1816 nocte
706 1756 854 1816 caballum

132 1852 232 1930 arripit
251 1852 400 1929 iratusque
420 1852 548 1930 Philippi
560 1852 666 1913 tendit
685 1854 724 1912 ad
745 1853 834 1914 aedis.

133 1950 234 2025 Quem
265 1948 352 2009 simul
382 1949 518 2027 adspexit
547 1952 684 2011 scabrum
715 1941 926 2027 intonsumque
959 1949 1025 2011 Phi-

213 2045 321 2124 lippus,
987 2069 1025 2125 90

135 2145 258 2204 ‘durus’
278 2144 328 2217 ait,
351 2144 475 2219 ‘Voltei
497 2142 585 2204 nimis
606 2154 795 2220 attentusque
813 2141 921 2205 videris

133 2259 198 2301 esse
218 2237 309 2299 mihi!
350 2242 422 2301 ‘Pol
442 2260 490 2301 me
510 2240 658 2314 miserum,
679 2252 811 2318 patrone,
830 2258 960 2314 vocares,

133 2338 159 2397 si
177 2339 285 2398 velles’
306 2336 403 2414 inquit
425 2344 543 2398 ‘verum
563 2337 637 2397 mihi
656 2357 769 2414 ponere
788 2356 907 2398 nomen.

134 2434 226 2509 Quod
246 2444 276 2494 te
296 2453 350 2511 per
369 2432 488 2511 genium
509 2434 700 2510 dextramque
721 2434 854 2508 deosque
875 2430 993 2491 Penatis

133 2529 259 2590 obsecro
279 2540 309 2590 et
329 2532 469 2601 obtestor,
489 2527 567 2588 vitae
587 2547 636 2588 me
656 2529 747 2590 redde
767 2525 875 2604 priori!
988 2543 1024 2601 95

134 2625 197 2703 Qui
216 2625 308 2686 semel
328 2624 464 2702 adspexit
483 2635 628 2701 quantum
648 2623 768 2684 dimissa
787 2621 887 2700 petitis
929 2672 931 2679 ,

73 2590 114 2883 ζ
132 2732 292 2801 praestent,
314 2734 428 2782 mature
447 2723 549 2783 redeat
568 2731 739 2798 repetatque
759 2719 868 2781 relicta
946 2716 961 2725 ”

27 2852 28 2857 1
134 2818 236 2880 Metiri
255 2837 287 2879 se
308 2836 457 2895 quemque
478 2834 532 2878 sno
552 2817 676 2877 modulo
697 2835 732 2877 ac
752 2817 830 2894 pede
849 2833 951 2875 verum
971 2824 1023 2875 est.
1048 2864 1092 2877 ,-

104 2904 120 2939 χ
272 2903 472 3009 (illustrantia.
518 2926 550 2985 Ι.
592 2984 595 2989 ,
647 2960 674 2981 ¹«
708 2962 727 2971 ¹·
991 2910 998 2914 η

184 3028 225 3078 93·
253 3013 515 3080 amaremur:
536 3014 651 3075 anerey.
753 2978 794 3077 §6-
826 3012 1026 3084 sansonie:

33 3126 37 3135 -
133 3094 214 3144 sinrul
222 3092 257 3143 nl.
