2309 3684
126 189 163 267 ⁵8
294 186 478 247 HORATJ
497 188 832 250 EPISTULARUM
851 186 905 270 [11.
925 207 1024 261 144-
1043 173 1063 184 ‘
1143 203 1144 266 ς

126 336 179 397 sed
200 353 285 396 verae
306 347 505 412 numerosque
526 337 693 413 modosque
713 331 845 397 ediscere
863 335 949 397 vitae.

126 434 273 511 Quocirca
280 452 399 493 mecum
409 435 515 511 loquor
528 436 603 495 haec
617 435 782 512 tacitusque
796 436 952 496 recordor:
967 452 1021 512 145

126 533 151 593 si
170 531 224 592 tibi
245 532 327 590 nulla
345 531 425 591 sitim
445 532 543 592 finiret
563 533 651 610 copia
670 536 818 611 lymphae,

126 629 259 689 narrares¹
276 629 417 690 medicis:
438 631 521 706 quod
541 643 653 707 quanto
673 633 757 709 plura
776 630 886 709 parasti

127 738 210 788 tanto
231 728 316 804 plura
336 728 427 805 cupis,
451 730 562 790 nulline
584 729 699 790 faterier
719 732 833 791 audes?
850 737 854 742 “
950 805 952 808 Ι

127 823 159 884 Si
178 825 284 883 volnus
304 823 358 884 tibi
379 838 541 887 monstrata
560 827 660 887 radice
679 827 726 888 vel
746 827 839 888 herba

127 940 189 981 non
209 923 292 981 fieret
311 921 412 994 levius,
434 925 548 1000 fugeres
568 924 669 984 radice
688 926 736 984 vel
755 926 848 985 herba
969 941 1027 1002 150

127 1017 300 1094 proficiente
322 1019 395 1077 nihil
416 1020 561 1081 curarier:
583 1020 726 1094 audieras,
747 1021 822 1108 cuii

127 1133 190 1178 rem
212 1113 245 1188 di
265 1116 420 1190 donarent,
442 1116 484 1176 illi
504 1118 649 1178 decedere
670 1138 791 1194 pravam

128 1214 289 1287 stultitiam,
312 1225 343 1274 et
363 1233 432 1272 curn
453 1213 491 1273 sis
512 1214 607 1274 nihilo
627 1213 789 1291 sapientior
809 1233 847 1274 ex
867 1233 929 1290 quo

22 1357 26 1372 ,
54 1341 57 1366 2
74 1299 245 1389 ‘2¹'plenior
256 1305 305 1384 es,
327 1315 427 1371 tamen
448 1311 537 1370 uteris
558 1307 754 1372 monitoribus
775 1311 894 1371 isdem?

24 1411 32 1420 ”
129 1413 170 1469 At
184 1408 209 1468 si
223 1408 342 1469 divitiae
356 1410 531 1487 prudentem
545 1411 670 1486 reddere
689 1421 821 1487 possent,
971 1427 1026 1487 155

129 1506 155 1566 si
175 1506 318 1584 cupidum
340 1506 538 1583 timidumque
559 1507 658 1567 minus
680 1519 718 1578 te,
740 1525 851 1584 nempe
870 1507 999 1578 ruberet,

112 1587 239 1663 'viveret
259 1589 290 1661 in
311 1602 394 1662 terris
414 1613 444 1664 te
464 1604 554 1681 siquis
575 1604 690 1665 avarior
708 1624 778 1666 uuo.

130 1701 161 1761 Si
181 1700 336 1778 proprium
356 1699 502 1775 estquod
523 1699 590 1775 quis
610 1702 685 1761 libra
705 1712 851 1761 mercatus
871 1712 902 1762 et
922 1679 1038 1785 aeregt,

131 1802 287 1877 quaedam,
310 1801 335 1859 si
355 1799 450 1858 credis
471 1798 622 1869 consultis,
643 1801 796 1876 mancipat
816 1819 894 1873 usus,

132 1898 182 1975 qui
203 1910 232 1959 te
252 1899 347 1976 pascit
366 1917 443 1975 ager,
465 1908 532 1958 tuus
553 1909 607 1970 est,
629 1908 659 1958 et
679 1897 783 1957 vilicus
805 1898 887 1970 Orbi,
973 1899 1029 1958 160

131 2013 201 2053 cum
221 2005 335 2070 segetes
355 2002 442 2052 occat
461 1992 516 2053 tibi
536 2012 608 2052 mox
628 1995 775 2052 frumenta
795 1993 921 2065 detrun,

131 2102 162 2152 te
181 2090 338 2151 dominum
359 2090 455 2151 sentit
498 2093 562 2151 Das
583 2111 730 2164 nummos
749 2090 861 2168 accipis
882 2110 979 2163 uvam,

132 2187 238 2264 pullos,
261 2205 325 2258 ova,
347 2187 455 2270 Q
476 2188 587 2262 temeti.
629 2190 750 2265 Nempe
771 2190 863 2248 modo
883 2186 941 2248 isto

132 2283 286 2360 paullatim
306 2285 444 2344 mercaris
464 2305 574 2364 agrum
594 2281 720 2346 fortasse
740 2282 879 2348 trecentis

133 2390 183 2439 aut
204 2378 294 2439 etiam
315 2398 404 2455 supra
422 2399 613 2466 nummorum
634 2381 753 2441 milibus
774 2391 919 2456 emptum.
975 2379 1030 2455 165

134 2467 215 2555 Quid
235 2465 330 2550 τῶι,
352 2478 435 2535 vivas
456 2488 613 2560 numerato
634 2497 728 2555 nuper
748 2496 787 2536 an
809 2476 904 2538 olim?

133 2578 262 2651 &optor
282 2571 394 2632 Aricini
415 2574 568 2648 quondam
589 2573 723 2635 Veientis
745 2585 774 2636 et
793 2572 855 2633 arvi

134 2683 269 2748 emptum
289 2681 377 2729 cenat
396 2671 492 2743 holus,
517 2671 651 2747 quamvis
672 2670 757 2733 aliter
776 2681 861 2748 putat
870 2688 881 2743 3
901 2668 1010 2746 emptis

134 2772 191 2830 sub
211 2778 331 2828 noctem
350 2766 479 2846 gelidam
499 2768 586 2845 lignis
606 2770 761 2830 calefactat
781 2787 906 2831 aenum:

1140 2501 1142 2592 l

1140 2729 1142 2856 l

135 2869 188 2929 sed
207 2859 295 2926 vocat
314 2883 522 2941 usquesuum,
543 2886 604 2942 qua
616 2857 746 2944 populus
759 2864 856 2926 adsita
868 2865 955 2946 certis
980 2881 1037 2938 170
1140 2891 1141 2906 2

135 2966 277 3025 limitibus
299 2963 398 3023 vicina
416 2964 523 3039 refugit
543 2965 826 3039 largiar->tamquam
856 2959 931 3054 Q·

136 3064 174 3121 sit
194 3063 346 3138 proprium
365 3060 535 3136 quiequam,
557 3073 672 3137 puncto
692 3062 776 3139 quod
794 3059 913 3148 mobilis
933 3059 1024 3120 horae

566 3149 589 3160 ⁰*
642 3149 670 3160 Η
759 3179 818 3241 Wl
845 3179 1008 3288 ¹35&er

285 3274 338 3321 15²·
372 3260 493 3311 donarent
503 3261 610 3312 u'OMK
627 3275 634 3311 :
650 3263 770 3312 donarint
780 3264 810 3313 B.

287 3338 340 3386 161.
372 3341 475 3391 daturas
490 3342 603 3406 νγΒΟΜ
620 3358 627 3392 z
643 3343 751 3393 daturus
761 3342 830 3407 αβΚ.
