2309 3684
134 158 177 217 11.
197 154 277 238 143]
464 159 679 290 areaprr
996 174 1033 234 57

135 317 166 367 et
184 316 338 367 versentur
358 308 457 367 adhuc
476 306 553 367 intra
573 305 737 385 penetralia
756 309 866 367 Vestae
875 324 885 380 3

134 406 293 463 obscurata
312 403 365 463 diu
385 405 500 480 populo
520 405 618 468 bonus
639 414 722 463 eruet
743 414 834 479 atque
981 418 1034 478 115

134 501 263 576 proferet
282 499 313 559 in
334 501 435 560 lucem
455 499 757 582 speciosa'vocabula
776 518 882 571 rerum,

134 615 212 671 quae
232 595 335 672 priscis
356 609 520 656 memorata
542 596 710 662 Catonibus
730 606 822 672 atque
843 593 984 672 Cethegis

135 692 310 771 nunes-itus
330 692 464 753 informis
484 692 593 770 premit
613 705 644 753 et
664 695 780 753 deserta
799 704 947 768 vetustas3

49 859 54 876 Κ
91 775 101 848 s
136 786 280 847 adsciscet
298 808 386 862 nova,
411 808 487 864 quae
507 789 624 866 genitor
644 786 815 864 produxerit
837 807 914 847 usus·

135 884 268 943 Vemens
290 894 319 943 et
341 882 471 959 liquidus
491 903 626 960 puroque
647 882 813 942 simillimus
833 882 914 942 amni
981 902 1037 941 120

134 981 241 1040 fundet
260 999 333 1056 opes
355 979 533 1057 Latiumque
553 980 655 1064 beabit
675 979 766 1039 divite
786 979 887 1055 lingua
894 1000 905 1054 3

135 1077 312 1137 luxuriantia
333 1089 513 1154 compescet,
535 1077 625 1137 nimis
645 1096 748 1154 aspera
768 1095 842 1137 sano

135 1176 245 1236 levabit
265 1178 354 1248 cultu,
377 1176 483 1236 virtute
503 1175 634 1236 carentia
654 1176 745 1247 tollet,

135 1274 266 1357 ludentis
287 1274 421 1353 speciem
442 1273 525 1335 dabit
545 1286 577 1336 et
597 1272 790 1350 torquebitur,
811 1271 915 1349 utqui
941 1315 944 1334 r

135 1390 216 1431 nunc
231 1374 375 1449 Satyrum,
391 1391 472 1431 nunc
485 1384 631 1449 agrestem
647 1373 780 1449 Cyclopa
793 1384 935 1433 movetur.
982 1392 1015 1430 12
1020 1388 1035 1447 5

135 1468 327 1528 Praetulerim
349 1467 474 1545 scriptor
494 1468 602 1529 delirus
623 1468 761 1545 inersque
780 1468 883 1543 videri,

136 1563 209 1623 dum
229 1582 299 1623 mea
318 1565 469 1624 delectent
489 1565 568 1623 mala
589 1584 637 1625 me
658 1566 705 1624 vel
726 1553 862 1641 denique
878 1567 988 1637 fallant,

135 1679 227 1736 quam
248 1679 352 1737 sapere
373 1671 404 1720 et
423 1660 522 1737 ringi?
542 1661 610 1723 Fuit
630 1662 710 1721 haud
731 1660 868 1739 ignobilis
888 1661 974 1740 Argis

136 1756 188 1833 qui
211 1776 244 1817 se
266 1758 408 1817 credebat
430 1758 520 1818 miros
543 1756 644 1817 audire
665 1758 823 1842 tragoedos

136 1852 169 1911 in
187 1871 284 1912 vacuo
305 1854 400 1912 laetus
421 1872 517 1912 sessor
537 1839 717 1930 plausorque
737 1853 871 1927 theatr03
983 1871 1038 1927 130

136 1959 236 2009 cetera
256 1948 307 2025 qui
328 1947 406 2008 vitae
427 1960 556 2010 servaret
575 1947 678 2009 munia
698 1959 779 2008 recto
820 1944 821 1947 ’

136 2065 229 2119 more,
250 2048 350 2107 bonus
369 2066 441 2106 sane
461 2045 583 2120 vicinus,
604 2044 739 2105 amabilis
759 2046 877 2121 hospes,

136 2144 232 2204 comis
252 2143 284 2204 in
304 2164 435 2216 uxorem,
456 2156 558 2221 posset
578 2142 630 2219 qui
650 2141 802 2219 ignoscere
822 2138 912 2201 servis

138 2254 170 2302 et
189 2242 274 2319 signo
295 2243 377 2302 laeso
398 2262 460 2305 non
481 2240 609 2300 insanire
630 2241 782 2321 lagoeqae,

26 2379 30 2384 -
137 2348 240 2415 posset
261 2337 313 2415 qui
332 2358 436 2416 rupem
457 2348 488 2398 et
508 2349 633 2415 puteum
653 2336 746 2397 vitare
766 2345 929 2413 patentem.
983 2351 1037 2411 135

140 2432 202 2492 Hic
222 2433 274 2494 ubi
295 2446 489 2510 cognatorum
511 2433 618 2513 opibus
639 2432 774 2508 curisque
794 2433 920 2492 refectus

139 2528 250 2606 expulit
270 2530 402 2589 elleboro
422 2530 559 2589 morbum
579 2529 732 2605 bilemque
753 2547 871 2589 meraco

139 2640 170 2689 et
188 2626 266 2690 redit
286 2628 326 2688 ad
346 2646 420 2699 sese,
444 2628 511 2704 ‘pol
532 2645 582 2687 me
603 2625 763 2697 occidistis,
785 2624 882 2697 amici,

139 2746 201 2786 non
221 2723 370 2785 servastis’
391 2723 440 2797 ait,
465 2722 529 2783 ‘cui
549 2722 592 2785 sic
613 2734 726 2783 extorta
746 2724 884 2800 voluptas

139 2837 169 2882 et
188 2823 331 2899 demptus
351 2838 406 2896 per
424 2817 485 2881 vim
506 2818 614 2879 mentis
634 2817 815 2896 gratissimus
837 2818 951 2924 erron's
983 2836 1039 2891 140

140 2918 289 2992 Nimirum
310 2937 414 2994 sapere
434 2928 479 2977 est
499 2916 622 2978 abiectis
642 2916 714 2976 utile
735 2914 829 2992 nugis,

137 3028 167 3076 et
187 3011 401 3090 tempestivum
421 3011 519 3090 pueris
539 3012 706 3075 concedere
725 3012 839 3082 ludum,

137 3132 172 3173 ae
193 3130 259 3172 non
279 3108 371 3169 verba
390 3107 474 3186 sequi
493 3108 602 3169 fidibus
623 3107 807 3167 modulanda
827 3102 948 3177 Latinis,

355 3328 408 3377 114.
441 3313 600 3366 intrassom
619 3326 626 3361 ι
642 3312 708 3361 inter
717 3308 770 3358 ωΚ.
