2309 3684
158 178 200 235 11.
216 173 279 256 83]
494 178 637 236 LIBER
664 179 711 242 lr.

158 329 291 407 eripuere
311 327 402 402 iocos,
423 330 582 402 Venerem,
604 328 748 404 convivia,
769 330 893 408 ludum;

157 429 286 489 tendunt
306 438 480 503 extorquere
499 438 659 504 poemata:
681 426 753 504 quid
772 427 879 490 faciam
900 425 967 486 vis?

159 526 299 601 Denique
319 545 381 585 non
402 544 507 585 omnes
527 527 634 585 eadem
654 524 796 586 mirantur
814 535 995 602 amantque:

158 621 289 682 carmine
310 633 343 682 tu
362 622 484 699 gaudes,
504 621 555 705 hic
575 622 740 681 delectatur
760 621 874 695 iambis,

158 719 208 781 ille
228 713 347 780 Bioneis
368 719 554 780 sermonibus
574 730 605 779 et
625 722 688 782 sale
707 719 799 797 nigro.
999 717 1054 778 ‘60

111 847 114 852 ⁴
158 820 232 879 Tres
253 817 325 877 mihi
346 820 490 878 convivae
510 805 606 894 prope
624 817 782 884 dissentire
852 830 947 894 entur,

157 926 317 990 poscentes
337 913 419 973 vario
440 917 567 976 multum
584 914 705 975 diversa
725 917 833 991 palato

159 1011 241 1087 Quid
261 999 362 1072 demi
375 1009 458 1087 Quid
477 1004 540 1078 ndu
561 1013 654 1071 dem?
675 1012 788 1073 Renuis
810 1023 851 1087 tu,
873 1013 956 1089 quod
973 1011 1055 1073 iubet

237 1108 329 1180 alter3

157 1205 239 1281 quod
259 1204 347 1282 petis,
365 1203 400 1266 id
421 1224 492 1265 sane
513 1214 557 1265 est
577 1202 707 1265 invisum
728 1203 907 1282 acidumque
928 1206 1053 1266 duobus.

158 1304 278 1364 Praeter
287 1299 396 1364 *cetera
414 1322 463 1363 me
484 1305 640 1363 Romaene
660 1314 800 1381 poemata
820 1322 924 1364 censes
1017 1306 1053 1378 65

158 1387 285 1466 seribere
305 1417 396 1474 posse
415 1398 492 1458 inter
512 1409 558 1459 tot
577 1419 662 1459 curas
683 1411 787 1476 totque
807 1400 948 1460 labores?

154 1495 221 1558 nic
240 1513 385 1570 sponsum
405 1505 501 1569 vocat,
522 1495 571 1555 hic
592 1495 727 1556 auditum
749 1495 865 1573 scripta,
887 1496 996 1558 relictis

157 1592 297 1652 omnibus
317 1591 439 1655 officiis:
459 1594 549 1654 cubat
569 1595 620 1652 hic
639 1594 672 1653 in
692 1596 770 1654 colle
792 1593 917 1670 Quirini,

156 1689 206 1749 hic
226 1700 359 1751 extremo
380 1691 411 1748 in
432 1691 590 1764 Aventin0,
611 1691 751 1752 visendus
772 1704 914 1768 uterque:

4 1781 54 1822 s
157 1784 311 1846 intervalla
330 1784 414 1846 vides
434 1788 565 1847 humane
586 1789 754 1848 commoda
798 1790 928 1852 ‘Verum
1019 1805 1056 1864 70

157 1900 249 1956 purae
270 1890 339 1941 sunt
359 1883 485 1957 plateae,
507 1881 581 1941 nihil
601 1893 634 1941 ut
655 1882 868 1943 meditantibus
889 1884 1006 1944 obstet!

159 1978 292 2037 Festinat
313 1978 427 2039 calidus
446 1979 534 2038 mulis
553 1979 721 2056 gerulisque
740 1981 918 2057 redemptor,

157 2084 277 2150 torquet
296 2093 378 2133 nuuc
398 2076 528 2152 lapidem
549 2095 630 2135 nunc
649 2063 914 2152 ingensssmachina
932 2077 1055 2154 tignum,

158 2171 251 2229 tristia
269 2171 399 2230 robustis
419 2172 567 2231 luctantur
586 2173 691 2232 funera
711 2172 856 2248 plaustris,

158 2266 214 2326 hac
233 2268 352 2326 rabiosa
371 2266 445 2344 fugit
464 2267 555 2340 canis,
576 2269 634 2327 hac
654 2269 799 2329 lutulenta
818 2271 876 2330 ruit
896 2289 963 2332 sus:
1020 2288 1054 2347 75

158 2359 168 2419 i
187 2379 268 2420 nunc
289 2370 320 2420 et
339 2355 438 2421 versus
459 2373 557 2421 tecum
578 2362 722 2422 meditare
743 2382 875 2425 canoros.

158 2458 341 2536 Scriptorum
354 2460 462 2519 chorus
480 2462 578 2520 omnis
597 2471 677 2520 amat
691 2480 797 2521 nemus
811 2472 841 2522 et
855 2460 929 2539 fugit
942 2463 1056 2536 urbem,

62 2579 66 2592 ⁴
158 2555 211 2617 rite
231 2555 326 2617 cliens
347 2558 459 2617 Bacchi
479 2578 587 2619 somno
605 2560 763 2636 gaudentis
783 2569 815 2620 et
834 2562 956 2620 umbra:

158 2661 190 2710 tu
210 2670 260 2710 me
280 2650 357 2713 inter
376 2655 516 2729 strepitus
536 2665 699 2715 nocturnos
720 2668 812 2731 atque
832 2656 953 2715 diurnos
1002 2705 1007 2710 .

67 2811 73 2820 ,
158 2745 201 2806 vis
220 2766 328 2808 canere
348 2759 379 2809 et
398 2761 555 2820 contracta¹
572 2753 655 2827 sequi
675 2750 798 2828 vestigia
819 2755 943 2811 vatum?
1018 2756 1055 2811 80

36 3191 87 3428 l

159 2845 327 2921 Ingenium,
349 2845 404 2906 sibi
425 2848 507 2923 quod
527 2861 635 2909 vacuas
656 2849 821 2930 desumpsit
842 2851 975 2910 Athenas

157 2952 187 3001 et
207 2939 312 3001 studiis
332 2961 427 3003 annos
448 2954 563 3021 septem
585 2937 877 3021 dedit'insenuitque

156 3035 237 3097 libris
257 3048 287 3098 et
308 3037 392 3132 effi
414 3050 512 3102 statua
531 3040 705 3101 taciturnius
726 3041 787 3101 exit

205 3185 246 3237 70.
278 3174 388 3225 humane
398 3178 495 3229 uBOM
513 3195 520 3230 r
536 3179 670 3229 kautsane
679 3180 712 3230 K.
898 3191 936 3243 77.
970 3183 1054 3231 urbem

156 3253 276 3312 οβΟΜΚ·
293 3272 300 3305 e
315 3256 385 3305 ur‘bis
400 3258 448 3317 γΒ.
641 3263 681 3311 80.
716 3264 838 3309 contracta
855 3261 960 3313 S'OMK
977 3279 984 3312 ε
1001 3278 1054 3311 con-

156 3341 221 3385 tacta
238 3334 265 3385 ω’
280 3349 288 3386 z
305 3353 356 3388 non
366 3345 430 3390 tacta
440 3340 470 3391 B.
534 3371 538 3376 -
