2309 3684
117 208 155 266 74
350 191 385 268 Q.
411 193 596 262 HORATI,
617 195 785 256 FLACCI

117 340 161 399 Ut
180 347 278 417 gratas
299 337 376 401 inter
395 361 515 403 mensas
535 343 713 421 symphonia
733 345 847 429 discors
850 330 1030 520 ff

116 448 147 497 et
164 456 296 496 crassum
316 449 501 513 unguentum
522 449 553 499 et
573 441 667 501 Sardo
688 461 757 501 cum
778 443 849 503 meli
908 463 947 521 ap
986 464 1018 504 er

117 536 281 609 offendunt,
303 546 420 612 poterat
440 535 511 597 duci
531 538 602 614 quia
621 558 697 600 cena
717 540 782 601 sine
802 539 882 601 istis:
958 546 1016 618 376

117 634 160 694 sic
179 632 285 694 animis
306 644 410 693 natum
430 633 646 713 inventumque
666 641 777 714 poema
796 637 943 711 iuvandis,

116 732 142 792 si
161 734 284 810 paulum
303 751 423 793 summo
443 732 579 807 decessit,
601 735 695 812 vergit
715 736 755 796 ad
774 734 876 797 imum.

117 831 235 890 Ludere
254 829 307 907 qui
327 831 429 902 nescit,
451 831 668 907 campestribus
688 831 817 893 abstinet
836 834 935 907 armis,

116 1043 155 1084 ne
176 1023 289 1099 spissae
308 1023 399 1084 risum
420 1003 533 1084 efflant
545 1002 819 1102 impuneiotbnae
831 1021 863 1085 εἰ

116 1121 168 1198 qui
187 1121 282 1182 nescit
303 1141 404 1181 versus
424 1133 526 1182 tamen
545 1124 638 1182 audet
657 1123 776 1199 fingere.
819 1121 955 1199 Quidni?

117 1219 206 1279 Liber
225 1230 256 1279 et
275 1218 438 1296 ingenuus,
451 1218 624 1297 praesertim
645 1238 753 1279 census
774 1230 942 1295 equesoem

116 1335 264 1376 summam
282 1335 473 1377 nummorum
492 1315 626 1393 vitioque
645 1327 776 1379 remotus
792 1316 835 1378 ab
856 1311 1006 1412 omnis

116 1418 164 1474 Tu
185 1414 257 1474 nihil
276 1413 369 1475 invita
388 1414 475 1474 dices
490 1413 618 1475 faciesve
639 1413 794 1489 Minerva3
956 1416 1014 1491 385

116 1511 148 1572 id
168 1512 222 1573 tibi
241 1510 384 1571 iudicium
405 1520 459 1583 est,
481 1530 518 1570 ea
537 1529 631 1572 mens
675 1508 705 1572 si
726 1509 800 1587 quid
820 1521 922 1573 tamen
942 1512 1015 1572 olim

116 1607 265 1685 scripseris
285 1606 317 1666 in
338 1606 439 1669 Maeci
455 1608 623 1669 descendat
642 1606 749 1668 iudicis
769 1627 855 1721 effes

116 1716 146 1797 et
165 1704 311 1800 patrisetl
322 1714 451 1776 nostras,
466 1689 817 1782 xnonumquestpreir'raitirr
836 1704 867 1766 in
892 1726 1013 1782 annum,

107 1795 294 1863 ‘membrauis
314 1801 393 1862 intus
414 1800 518 1879 positis
530 1822 543 1864 ι,
559 1803 659 1864 delere
680 1802 782 1864 licebit

115 1900 197 1978 quod
216 1919 279 1960 uon
299 1898 444 1974 edideris3
471 1899 568 1969 nescit,
585 1919 646 1961 vox
664 1900 755 1961 missa
774 1900 886 1961 reverti.
955 1921 1015 1979 390

116 1996 267 2058 Silvestres
286 1996 423 2057 homines
444 2015 527 2057 sacer
545 1994 750 2073 interpresque
770 1999 894 2057 deorum

115 2094 257 2154 caedibus
277 2103 307 2153 et
327 2092 407 2154 victu
427 2094 518 2154 foedo
533 2092 682 2158 deterruit
704 2094 851 2169 Orpheus,

115 2191 212 2252 dictus
233 2193 274 2253 ob
293 2192 352 2251 hoc
372 2190 464 2251 lenire
485 2189 566 2268 tigris
586 2190 767 2267 rabidosque
787 2191 898 2252 leones

116 2289 223 2349 Dictus
243 2301 274 2348 et
293 2288 454 2365 Amphion,
479 2289 643 2398 {helhum
663 2287 801 2360 conditor
820 2288 910 2361 urbis,

115 2407 186 2448 saxa
205 2405 325 2446 movere
345 2405 422 2446 sono
443 2386 600 2446 testudmis
621 2396 651 2446 et
671 2404 760 2462 prece
779 2386 892 2446 blanda
956 2405 1013 2464 395

9 2548 11 2551 ,
114 2490 223 2549 ducere
242 2505 303 2563 quo
322 2486 419 2545 vellet.
462 2484 532 2544 Fuit
551 2461 638 2544 haeb
647 2482 793 2560 sapientia
811 2486 973 2564 quondam,

114 2587 234 2665 publica
254 2583 375 2662 privatis
396 2601 557 2655 secernere,
579 2565 667 2642 sacra
682 2580 822 2659 profanis,
839 2611 848 2628 x

114 2683 277 2747 concubitu
298 2680 455 2759 prohibere
474 2699 559 2757 vago,
582 2667 739 2740 dare‘iura
758 2678 879 2754 maritis,

114 2782 228 2859 oppida
247 2778 352 2852 moliri,
375 2779 455 2854 leges
475 2776 608 2836 incidere
628 2774 735 2864 lignop
747 2787 765 2826 ι’
780 2793 811 2822 ”f
830 2775 841 2790 ”

114 2880 157 2939 sic
177 2881 274 2939 honor
294 2887 324 2937 et
343 2893 455 2935 nornen
475 2872 583 2934 divinis
603 2873 719 2933 vatibus
739 2884 829 2949 atque
955 2894 1014 2947 400

114 2975 292 3035 carminibus
312 2972 401 3033 venit
445 2972 518 3031 Post
538 2972 595 3030 hos
615 2968 738 3046 insignis
760 2971 913 3029 Homerus

46 3117 50 3126 Α
113 3074 316 3147 Tyrtaeusque
337 3087 433 3144 mares
453 3065 569 3127 animos
590 3066 622 3126 in
644 3065 755 3126 Martia
774 3067 854 3127 bella

114 3166 247 3227 versibus
266 3166 401 3255 errantum
422 3165 520 3226 dictae
540 3185 595 3243 per
615 3162 745 3225 carmina
765 3176 859 3226 sortes
870 3188 879 3241 ;
912 3199 925 3224 a

115 3273 145 3321 et
165 3261 243 3321 vitae
262 3272 426 3322 monstrata
445 3260 493 3322 via
513 3276 559 3322 est
568 3282 578 3336 3
600 3272 631 3322 et
650 3261 749 3354 gratia*
763 3281 869 3352 regum

358 3404 413 3455 394·
446 3390 517 3441 urbis
525 3392 632 3456 βγΚΜε
649 3392 715 3442 arcis
725 3392 797 3444 aBO.

116 927 314 1003 indoctusque
334 926 412 1015 pilae
433 926 547 989 discive
567 927 699 990 trochive
720 929 886 1033 (Ῑιιξςεοὶςω
957 933 1017 1004 38ο
