2309 3684
170 208 255 269 XVI.
272 203 313 288 a]
514 206 656 268 LIBER
675 209 702 267 Ι.
1024 228 1061 284 29

170 354 296 415 scribere
316 364 346 415 te
366 354 462 428 nobis,
484 353 538 416 tibi
558 374 615 415 nos
635 354 790 419 accredere
810 372 865 431 par
883 363 936 415 est.
964 393 1012 407 a
1024 373 1039 412 2
1043 372 1059 430 5

169 451 316 527 Maenius,
340 464 374 513 ut
392 454 480 513 rebus
501 452 640 513 maternis
660 462 751 529 atque
770 449 899 528 paternis

168 547 282 623 fortiter
301 547 465 626 absumptis
484 550 614 609 urbanus
635 548 734 628 coepit
754 547 857 609 haberi

169 663 275 717 scurra,
296 664 396 722 vagus,
418 664 480 704 non
501 644 552 722 qui
572 656 685 704 certum
706 634 849 724 piaesepe
869 656 990 718 teneret,

113 820 116 825 Ι
168 738 323 817 inpransus
344 759 405 800 non
426 741 477 818 qui
496 740 591 801 civem
612 740 780 802 dinosceret
800 732 894 814 hoste,

169 837 318 915 quaelibet
337 836 370 897 in
390 837 524 916 quemvis
544 837 705 916 opprobria
724 840 833 916 fingere
854 857 968 913 saevus,
1022 859 1061 916 30

168 926 313 1012 pernicies
334 946 364 996 et
383 947 542 1012 tempestas
562 937 791 1014 barathrumque
811 936 936 1012 macelli,

169 1030 312 1109 quicquid
331 1032 505 1108 quaesierat,
525 1031 620 1092 ventri
640 1033 771 1093 donabat
792 1051 888 1092 avaro.
921 1080 923 1083 .

169 1127 232 1188 Hic
251 1127 303 1190 ubi
322 1128 471 1207 nequitiae
491 1116 653 1191 sautoiibus
674 1141 704 1205 et
723 1128 833 1191 timidis
855 1128 898 1188 nil
923 1134 966 1150 ²*

167 1237 221 1286 aut
239 1227 369 1303 paullum
390 1226 559 1301 abstulerat,
580 1227 698 1305 patinas
718 1228 844 1288 cenabat
863 1225 966 1301 omasi,

167 1322 234 1382 vilis
254 1333 283 1383 et
303 1321 437 1400 agninae,
458 1322 551 1384 tribus
571 1323 645 1384 ursis
666 1325 749 1402 quod
768 1322 838 1384 satis
858 1333 953 1399 esset;
1022 1339 1058 1399 35

167 1419 280 1480 scilicet
299 1431 333 1479 ut
352 1431 469 1480 ventres
488 1421 590 1480 lamna
609 1422 757 1481 candente
776 1431 922 1497 nepotum
953 1466 956 1507 ᾗ

168 1515 279 1575 diceret
298 1517 427 1577 urendos
447 1529 596 1578 correctus
617 1517 751 1578 Bestius:
771 1516 852 1577 idem
954 1468 1007 1559 is

168 1612 312 1690 quidquid
333 1624 394 1673 erat
414 1626 518 1674 nactus
538 1615 666 1691 praedae
686 1614 814 1687 maioris,
835 1612 888 1674 ubi
908 1633 998 1675 omne

167 1721 293 1771 verterat
311 1708 343 1770 in
362 1712 476 1771 fumum
497 1723 527 1773 et
547 1713 687 1785 cinerem,
709 1717 784 1773 ‘non
804 1712 924 1773 hercule
942 1711 1046 1771 miror'

167 1805 264 1867 aiebat
286 1806 324 1866 ‘si
344 1805 396 1884 qui
415 1808 577 1868 comedunt
598 1788 687 1883 buna,
708 1828 777 1869 cum
797 1808 834 1869 sit
854 1811 948 1870 obeso
1020 1827 1059 1881 40

167 1902 209 1963 nil
229 1902 334 1963 melius
354 1903 450 1979 turdo,
465 1903 508 1962 nil
527 1906 615 1964 volva
635 1904 786 1982 pulchrius
806 1904 922 1982 ampla'

167 1999 315 2062 Nimirum
334 1999 383 2059 hic
403 2018 459 2077 ego
480 2019 553 2060 sum.
596 2002 675 2060 Nam
696 2010 761 2060 tuta
780 2012 811 2061 et
828 2002 948 2077 parvola
960 2001 1059 2074 laudo,

167 2118 237 2159 cum
256 2118 303 2158 res
324 2097 473 2172 deficiunt,
495 2097 566 2158 satis
588 2097 664 2159 inter
684 2097 754 2158 vilia
773 2097 872 2159 fortis:
888 2155 907 2183 x,

166 2216 268 2257 verum
286 2195 339 2255 ubi
359 2193 557 2299 quidlmelius
577 2179 722 2273 contingit
742 2205 773 2256 et
792 2184 920 2269 unctius]
939 2194 1018 2256 idem

166 2311 219 2354 vos
240 2311 344 2379 sapere
364 2302 394 2352 et
414 2293 494 2352 solos
514 2291 563 2353 aio
584 2294 662 2353 bene
679 2291 785 2365 vivere,
804 2310 930 2367 quorum
1019 2306 1056 2366 45

166 2389 347 2471 conspipitur
365 2388 466 2449 nitidis
486 2390 611 2450 fundata
630 2388 758 2466 pecunia
776 2387 860 2450 villis.

567 2637 653 2696 XVI.

167 2783 216 2841 Ne
236 2778 414 2858 perconteris
435 2780 544 2840 fundus
564 2800 658 2854 meus,
680 2777 792 2857 optime
813 2775 944 2854 Quincti,

165 2897 238 2940 arvo
257 2889 360 2956 pascat
380 2897 462 2939 erum
482 2885 521 2937 an
541 2876 624 2938 bacis
644 2878 798 2953 opulentet
819 2875 922 2950 olivae,

215 3041 256 3090 32·
287 3026 394 3076 donabat
411 3025 469 3090 αβ’γ
488 3027 585 3078 OKM=
604 3025 711 3076 donarat
726 3024 775 3090 β”ε
795 3026 898 3075 donaret
914 3023 943 3074 B.
1017 3035 1057 3086 37.

164 3113 284 3156 correctus
295 3113 319 3157 s·
329 3108 372 3157 K:
393 3114 515 3173 correptus
527 3115 566 3159 ἴε
588 3114 703 3158 corrector
712 3107 797 3160 ΒΟΜ.
873 3107 913 3169 38.
945 3105 1063 3171 quicqua}

165 3185 192 3236 ω’
202 3187 301 3240 ΟΚΜε
320 3189 415 3253 siquid
423 3191 451 3240 B.
910 3220 912 3223 ·

214 3269 348 3320 XV1.-r.
381 3271 483 3332 Quincti
490 3288 513 3322 v.
529 3272 602 3323 KM:
620 3271 712 3334 Quinti
720 3269 745 3319 ol
757 3269 811 3320 ΒΟ.
909 3283 933 3318 a.
948 3267 1060 3328 emma?

165 3351 237 3402 ΚΜ.
253 3351 370 3414 *plenem
381 3354 437 3407 Bo.
485 3355 548 3405 bacis
559 3353 584 3404 ω’
596 3354 695 3407 OKM:
711 3353 786 3402 baccr‘s
796 3351 826 3400 Β.
