2309 3684
18 238 22 249 .
118 212 153 268 16
294 211 420 272 HORA
427 212 478 271 TI
498 213 826 274 EPISTULARUM
851 211 916 295 [VI.
934 214 1012 290 63—

116 355 205 434 digni,
227 357 541 435 remigium-vitiosum
562 360 727 422 Ithacensis
748 360 840 435 Ulixi,

116 451 165 511 cui
184 451 282 528 potior
301 451 396 529 patria
414 452 470 513 fuit
488 453 653 523 interdicta.
665 456 809 532 voluptas.

116 548 154 621 Si,
177 549 375 625 Mimnermus
395 549 439 611 uti
458 562 569 624 censet,
591 551 656 611 sine
675 571 776 613 amore
796 551 929 630 iocisque
971 558 988 613 6
992 571 1008 631 5

117 645 159 704 nil
180 655 225 705 est
244 644 416 728 iucundum,
437 647 518 706 vivas
537 646 569 706 in
589 666 690 707 amore
709 646 850 725 iocisque

118 741 202 816 Vive,
224 744 297 803 vale
340 742 444 820 Siquid
463 743 572 804 novisti
591 743 699 805 rectius
719 743 791 819 istis,

118 839 263 933 candidus
283 838 400 917 imperti
405 861 415 916 5
436 840 461 899 si
481 860 551 915 non,
573 840 619 900 his
639 851 722 901 utere
742 859 869 902 mecum.

528 1134 601 1218 vn.

238 1255 248 1279 ἱ

120 1297 259 1377 Quinque
280 1300 343 1361 dies
364 1299 417 1362 tibi
437 1300 584 1378 pollicitus
604 1322 653 1364 me
673 1323 739 1364 rure
759 1306 897 1375 futurum,

120 1398 259 1461 Sextilem
280 1409 374 1460 totum
395 1402 525 1461 mendax
543 1400 702 1461 desideror.
744 1401 844 1479 Atqui,

119 1495 212 1557 sime
230 1497 328 1556 vivere
348 1497 392 1557 vis
413 1516 517 1556 sanum
537 1509 676 1574 recteque
696 1500 854 1573 valentem,

119 1614 209 1671 quam
230 1593 302 1654 mihi
323 1594 376 1654 das
397 1613 493 1672 aegro,
515 1594 601 1655 dabis
621 1599 771 1672 aegrotare
791 1594 914 1666 timenti,

121 1695 290 1767 Maecenas,
311 1691 437 1763 veniam,
460 1694 532 1752 dum
552 1695 626 1752 ficus
646 1693 741 1770 prima
760 1694 898 1770 calorque
993 1709 1009 1767 5

120 1788 343 1866 dissignatorem
364 1791 486 1850 decorat
505 1789 658 1851 lictoribus
677 1791 755 1865 atris,

54 1907 56 1912 ’
120 1889 192 1947 dum
212 1887 311 1967 pueris
330 1887 428 1948 omnis
448 1899 533 1966 pater
554 1901 584 1949 et
603 1888 765 1950 matercula
783 1889 883 1966 pallet,

121 1985 309 2063 officiosaque
330 1986 469 2046 sedulitas
489 1998 520 2046 et
540 1989 638 2065 opella
657 1984 779 2047 sorensis

120 2082 241 2143 adducit
260 2083 348 2143 febris
369 2096 398 2144 et
419 2095 597 2144 testamenta
616 2083 752 2161 resignat.

122 2179 238 2255 Quodsi
256 2182 362 2241 bruma
381 2181 456 2240 nivis
477 2180 601 2241 Albanis
621 2179 715 2241 illinet
735 2179 818 2257 agris,
978 2199 1012 2236 10

121 2279 160 2338 ad
179 2297 260 2338 mare
280 2279 441 2338 descendet
461 2289 543 2338 vates
563 2287 631 2376 tuus
651 2287 682 2338 et
701 2276 758 2338 sibi
777 2287 879 2355 parcet

121 2384 347 2451 contractusque
366 2375 461 2452 leget:
485 2386 523 2448 te,
546 2373 639 2435 dulcis
660 2374 763 2446 amice,
785 2374 890 2435 reviset

122 2492 190 2532 cum
209 2470 352 2549 zephyris,
373 2471 399 2531 si
419 2473 574 2546 concedes,
597 2483 627 2532 et
646 2471 802 2532 hirundine
821 2471 924 2548 prima

26 2597 30 2609 =
123 2573 193 2631 Non
213 2590 273 2647 quo
293 2589 376 2630 more
395 2568 465 2646 piris
479 2564 564 2630 'vesci
581 2569 711 2639 ⁴Calaber
730 2569 813 2630 iubet
831 2571 940 2645 hospes

122 2680 154 2728 tu
174 2687 223 2726 me
243 2666 337 2727 fecisti
357 2667 544 2743 locupletem.
589 2667 733 2727 ‘Vescere
754 2667 861 2727 sodes?
977 2680 1011 2739 15

125 2768 207 2825 ‘Iam
221 2764 290 2824 satis
304 2767 367 2825 est!
399 2766 454 2822 ‘At
467 2774 499 2823 tu
512 2773 657 2841 quantum
670 2763 714 2824 vis
727 2765 816 2824 tolle'
844 2759 1012 2839 ‘Benigne'

125 2866 211 2924 ‘Non
231 2861 325 2922 invisa
345 2863 419 2921 feres
439 2860 536 2938 pueris
556 2863 733 2925 munuscula
751 2860 865 2938 parvis!
906 2866 912 2874 '

124 2963 217 3020 ‘Tam
237 2971 340 3020 teneor
360 2959 441 3018 dono
462 2977 551 3035 quam
572 2957 597 3018 si
617 2956 747 3019 dimittar
766 2957 907 3018 onustus)

172 3123 213 3186 64.
240 3125 328 3188 patria
349 3122 408 3188 “W
428 3123 549 3175 BOKMr
566 3123 664 3189 pataviae
683 3121 723 3185 γ”.
805 3120 846 3171 68.
877 3121 902 3171 si
918 3136 968 3170 non
991 3126 1014 3170 s·

125 3206 217 3257 BOM:
238 3206 262 3255 si
271 3206 314 3254 nil
323 3206 356 3254 K.

172 3286 293 3335 VIL—a.
325 3286 398 3351 atqui
414 3284 439 3349 β’
458 3286 578 3337 BOKM:
606 3293 679 3351 atque
699 3284 771 3350 αβ”γ.
837 3282 862 3333 6.
894 3284 1014 3350 disst’gna·

125 3375 199 3417 torcm
211 3366 282 3415 KMz
304 3366 477 3431 designatorem
490 3366 543 3417 ΒΟ.
