2309 3684
61 484 69 505 ε
88 478 92 487 ⁴
138 453 248 529 labitur
266 464 296 515 et
314 453 457 515 labetur
448 474 481 514 m
500 474 591 514 omne
610 456 680 515 volu

139 204 262 286 rasa]
489 208 678 267 traaas.
746 170 770 221 '¹
924 180 955 247 J
1012 225 1031 280 9
1077 225 1082 238 ,
1136 174 1138 205 ³

776 306 797 359 N
853 293 966 313 ἪἛ-’ὂ

137 352 267 415 rusticus
285 365 437 432 exspectat
456 357 529 416 dum
549 357 662 417 defluat
669 316 776 514 Qus
787 362 804 416 :¹
815 364 847 415 at
866 353 916 415 ille

767 472 881 513 aevum.

141 551 297 629 Quaeritur
315 563 470 629 argentum
489 552 647 629 puerisque
646 540 757 613 beata
776 549 942 611 creandis

140 667 212 709 uxor
230 660 260 711 et
278 649 408 711 incultae
427 661 572 738 pacantur
591 668 711 719 vomere
732 648 830 708 silvae
992 664 1029 722 45

140 747 230 822 Quod
249 746 319 807 satis
341 758 386 807 est
406 747 454 809 cui
474 746 630 825 contingit,
650 745 726 806 nihil
745 744 872 822 amplius
892 755 983 821 optet¹
1000 790 1021 825 ξ,

138 847 209 906 Non
229 846 338 905 domus
360 855 390 905 et
409 846 526 917 fundus,
549 864 612 905 non
632 844 708 904 aeris
728 862 850 904 acervus
871 852 901 903 et
918 842 981 902 auri

136 940 266 1052 aegroto·
278 941 393 1003 domini
413 942 537 1004 deduxit
556 962 680 1028 corpore
700 942 800 1015 febris,
879 938 883 949 ’
946 1004 950 1011 ,

136 1059 199 1100 non
219 1038 320 1100 animo
340 1059 442 1117 curas:
461 1041 559 1100 valeat
578 1057 732 1117 possessor
751 1046 934 1119 oportet,

138 1137 163 1199 si
183 1136 374 1215 comportatis
395 1137 481 1198 rebus
502 1138 579 1198 bene
600 1137 711 1214 cogitat
729 1138 781 1197 uti
992 1146 1030 1216 5ο

138 1234 200 1310 Qui
219 1235 304 1313 cupit'
321 1230 373 1306 aut
392 1235 505 1308 metuit,
527 1235 608 1321 iuvat
628 1235 711 1295 illum
731 1235 775 1296 sic
794 1236 901 1296 domus
921 1246 952 1296 et
971 1256 1017 1296 res
1038 1267 1070 1287 s

136 1343 174 1392 ut.
190 1331 306 1410 lippum
326 1333 424 1409 pictae
445 1322 573 1417 abillae,
595 1335 728 1427 fomenta
748 1334 920 1410 podagram,
999 1365 1001 1369 ν

135 1427 280 1501 auriculas
300 1429 429 1490 citharae
449 1432 575 1490 collecta
596 1432 683 1490 sorde
704 1429 839 1490 dolentis.

135 1526 292 1599 Sincerurrr
310 1538 355 1589 est
374 1527 432 1588 nisi
450 1548 511 1604 vas,
536 1528 747 1605 quodcumque
767 1526 898 1610 infundis
911 1529 1028 1590 acescit.

135 1628 247 1703 Sperne
267 1627 446 1704 voluptates:
470 1608 562 1688 nocet
582 1637 683 1704 empta
702 1628 805 1687 dolore
825 1628 968 1705 voluptas.
992 1645 1028 1706 55

134 1725 259 1800 Semper
278 1743 382 1784 avarus
402 1735 488 1801 eget:
507 1734 622 1785 certum
641 1734 712 1783 voto
731 1733 801 1800 pete
820 1724 919 1784 finem.

136 1823 261 1884 Invidus
281 1821 400 1883 alterius
421 1821 576 1882 macrescit
596 1824 685 1882 rebus
705 1821 845 1898 opimis:

135 1919 247 1980 invidia
267 1919 357 1981 Siculi
377 1938 439 1979 non
458 1890 598 1980 invenere
619 1919 734 1997 tyranni

135 2016 232 2077 maius
251 2026 439 2088 tormentum.
482 2018 543 2092 Qui
564 2036 626 2077 non
647 2015 876 2087 moderabitur
867 2036 936 2089 rrae,

93 2116 95 2119 ’
135 2114 278 2174 infectum
297 2116 378 2174 volet
398 2133 463 2177 esse
484 2116 570 2175 dolor
591 2115 674 2191 quod
695 2114 818 2174 suaserit
831 2124 862 2174 et
875 2134 968 2189 mens,
991 2118 1030 2174 60

135 2213 209 2272 dum
224 2201 341 2288 poenas
362 2211 433 2273 odio
453 2232 508 2290 per
526 2211 591 2295 vim
607 2210 726 2272 festinat
746 2210 850 2272 inulto.

136 2310 186 2369 Ira
203 2309 283 2368 furor
301 2308 397 2369 brevis
417 2321 480 2372 est:
503 2307 637 2368 animum
657 2327 744 2384 rege3
764 2307 816 2385 qui
835 2307 893 2368 nisi
912 2319 1003 2386 paret,

135 2410 279 2493 imperat:
299 2408 380 2466 hunc
400 2407 498 2480 frenis,
519 2408 601 2466 hunc
621 2417 653 2466 tu
674 2425 832 2483 compesce
852 2417 965 2467 catena

136 2504 233 2583 Fingit
253 2523 371 2581 equum.
385 2498 487 2587 tenera
507 2504 636 2570 docilem
656 2504 771 2575 ceryice
793 2505 931 2582 magister

135 2602 275 2664 irecviam
294 2622 355 2679 qua
375 2610 520 2662 monstret
540 2621 646 2679 eques:
666 2601 828 2675 venaticus,
851 2621 889 2662 ex
909 2620 970 2679 quo
992 2605 1030 2679 65

135 2713 268 2778 tempore
287 2699 437 2761 cervinam
457 2682 567 2777 pellem
587 2699 703 2759 latravit
722 2698 755 2758 in
774 2702 851 2772 aula,

135 2796 241 2857 militat
260 2795 292 2856 in
313 2795 392 2856 silvis
412 2797 534 2869 catulus.
577 2798 669 2855 Nunc
688 2794 893 2873 adbibepuro

136 2905 256 2969 pectore
275 2894 366 2953 verba
385 2912 467 2971 puer,
488 2912 569 2953 nunc
591 2903 621 2954 te
641 2892 812 2953 melioribus
832 2895 911 2953 offer.

1041 2603 1120 2626 ..χ

184 3094 222 3158 46.
254 3096 375 3160 contingit
384 3095 443 3159 αβΫ
453 3096 574 3147 BOKM:
595 3095 773 3160 contigitisV·
839 3095 880 3157 48.
903 3094 987 3159 sebois
996 3094 1028 3157 γ,

128 3177 282 3242 schram&
295 3178 426 3242 febremn.
479 3191 519 3243 52.
548 3179 688 3244 podagram
699 3176 727 3226 ω’
741 3175 837 3226 KOM:
848 3177 989 3241 podagrum
1000 3179 1030 3227 Β.

137 3274 177 3326 59.
211 3259 345 3324 traenpy:
368 3261 436 3310 iram
445 3259 484 3322 γ’.
551 3259 593 3325 63.
626 3268 712 3312 catena
724 3277 774 3322 ayt
796 3259 889 3309 catenis
897 3263 924 3322 β.
989 3257 1029 3321 65.

135 3359 187 3411 qua
198 3343 315 3395 BOKM:
337 3359 413 3409 quam
424 3340 463 3392 ω’.
