2309 3684
140 193 167 251 1.
185 188 288 279 ¹246.]⁴
440 202 443 207 '
484 191 625 250 LIBER
651 191 697 251 II.
844 188 846 191 ’
1001 201 1037 264 51

145 339 244 399 Multa
263 339 387 415 quidem
408 339 495 398 nobis
515 339 641 398 facimus
661 340 740 399 mala
761 358 851 416 saepe
871 350 980 416 poetae

145 435 191 511 (ut
204 436 303 495 vineta
319 445 438 512 egomet
454 436 579 497 caedam
596 435 686 511 mea),
701 456 770 495 cum
783 437 838 495 tibi
852 437 959 496 librum
983 454 1040 494 220

145 533 271 592 sollicito
291 534 398 597 damus
418 542 469 592 aut
488 534 582 606 fesso,·
603 514 672 619 d&
693 533 846 606 laedimur,
867 553 960 592 unum
990 530 1001 581 7

145 631 236 708 siquis
257 632 421 690 amicorum
442 641 487 690 est
507 651 595 692 ausus
616 633 832 709 reprehendere
851 651 968 692 versum
974 653 984 706 ;

145 750 214 809 cum
234 732 302 789 loca
321 731 381 789 iam
402 731 524 789 recitata
544 731 723 790 revolvimus
743 730 919 805 inrevocati;

146 846 214 886 cum
234 827 432 887 lamentamur
452 845 513 886 non
535 828 678 904 adparere
697 825 815 885 labores
1011 817 1030 876 7

146 935 262 985 nostros
283 934 314 984 et
333 924 416 984 tenui
438 925 574 984 deducta
588 935 729 1000 poemata
748 923 799 982 filo
804 942 815 996 3
986 943 1021 980 22
1026 940 1041 1000 5

147 1041 215 1080 cum
236 1040 389 1098 speramus
411 1039 529 1081 eorem
550 1031 706 1080 venturam
726 1029 768 1092 ut,
791 1019 878 1077 simul
898 1029 988 1094 atque

146 1119 278 1178 carmina
297 1117 430 1197 rescieris
450 1135 506 1176 nos
526 1117 646 1193 fingere,
669 1115 847 1201 commodus
866 1115 944 1175 ultro

147 1233 276 1272 arcessas
297 1223 328 1287 et
348 1196 434 1288 egere
454 1222 535 1271 vetes
557 1222 590 1270 et
608 1212 735 1271 scribere
756 1227 852 1287 cogas.

147 1311 206 1370 Sed
226 1320 328 1371 tamen
349 1319 394 1372 est
414 1328 522 1385 operae
542 1309 667 1386 pretium
689 1327 869 1385 cognoscere
889 1309 1019 1384 qualis?

148 1408 284 1467 aedituos
305 1405 416 1465 habeat
437 1407 506 1466 belli
529 1416 662 1482 spectata
682 1406 825 1479 domique
987 1401 1044 1479 230

146 1507 247 1579 virtue,
269 1505 394 1580 indigno
415 1523 477 1564 nou
498 1502 715 1578 committenda
734 1513 850 1579 poetae.

148 1607 257 1668 Gratus
278 1602 450 1662 Alexandro
471 1603 532 1678 regi
551 1618 662 1678 magno
682 1602 738 1661 fuit
757 1603 812 1683 ille,

148 1702 318 1771 Choerilus,
337 1701 456 1771 incultis
477 1701 531 1776 quir
548 1702 681 1760 versibus
701 1708 732 1760 et
752 1701 830 1759 male
850 1700 926 1759 natis

148 1801 260 1861 rettulit
280 1809 430 1879 acceptos,
451 1800 549 1875 regale
570 1800 725 1883 nomisma,
747 1799 911 1875 Philippos.

149 1899 210 1958 Sed
229 1898 321 1956 veluti
342 1907 467 1955 tractata
486 1907 590 1957 notam
611 1898 768 1972 labemque
788 1897 939 1955 remittunt
989 1915 1004 1951 2
1009 1910 1043 1969 35

149 2004 322 2064 atramenta,
343 1995 404 2053 fere
424 1994 582 2071 scriptores
603 1994 734 2051 carmine
753 1993 844 2052 foedo

150 2093 309 2170 splendida
327 2075 408 2150 facta
424 2091 529 2152 linunt.
573 2091 660 2150 Idem
681 2109 733 2149 rex
753 2090 810 2162 ille,
832 2108 941 2165 poema

150 2191 203 2266 qui
224 2200 286 2249 tam
306 2189 544 2247 ridiculum·tam
565 2208 632 2249 care
653 2189 794 2265 prodigus
814 2190 894 2261 emit,

152 2287 252 2347 edicto
272 2285 366 2343 vetuit
385 2285 491 2360 nequis
512 2302 544 2343 se
564 2295 680 2360 praeter
700 2287 827 2362 Apellen

152 2385 286 2460 pingeret
305 2392 357 2441 aut
376 2383 449 2440 alius
471 2383 604 2457 Lysippo
626 2383 747 2441 duceret
767 2401 836 2441 aera
990 2400 1047 2464 240

152 2482 234 2541 fortis
256 2480 416 2540 Alexandri
438 2481 551 2538 voltum
573 2480 749 2539 simulantia.
776 2479 908 2555 vQuodsi
950 2491 952 2514 ³

153 2578 297 2637 iudicium
318 2577 426 2635 subtile
446 2575 584 2635 videndis
605 2578 717 2635 artibus
737 2576 809 2635 illud

143 2675 200 2748 *ad*
212 2675 304 2733 libros
324 2683 355 2745 et
374 2673 414 2731 ad
434 2673 508 2732 haec
530 2675 683 2731 Musarum
704 2672 785 2731 dona
805 2691 934 2743 vocares,

154 2773 301 2830 Boeotum
321 2770 352 2827 in
372 2788 471 2828 crasso
491 2770 601 2828 iurares
622 2788 689 2829 aere
709 2779 932 2857 natumst*

47 2884 55 2893 ·
153 2868 194 2926 At
214 2884 313 2942 neque
334 2858 589 2927 dedecoranttua
610 2865 648 2925 de
668 2884 704 2924 se
723 2866 832 2923 iudicia
852 2874 942 2938 atque
993 2878 1047 2939 ²45

154 2981 275 3023 munera
296 2980 373 3038 quae
394 2963 486 3021 multa
507 2963 604 3022 dantis
625 2982 693 3021 eum
713 2963 801 3021 laude
821 2961 951 3019 tulerunt

1054 1766 1075 1797 ⁷)

204 3191 261 3225 aar.
294 3176 462 3239 reprehendere
477 3174 586 3226 u'OMK
605 3194 612 3227 r
628 3176 770 3240 reprendere
785 3174 813 3222 B.
886 3183 942 3232 233.
979 3173 1049 3220 Choe-

156 3257 220 3306 rilus
237 3256 326 3319 αβΟΜ
347 3273 354 3304 a
372 3256 493 3304 Choerilus
509 3256 584 3318 γΒΚ.
725 3269 780 3315 240.
816 3250 909 3297 duceret
927 3250 1027 3299 ωΟΜΚ
1043 3263 1049 3294 :

156 3338 252 3387 cuderet
267 3337 296 3386 B.

892 3435 969 3486 4-2
