2309 3684
103 181 142 238 4ο
254 161 382 224 HORA
388 163 438 222 TI
449 156 787 257 EPISTULARUM
803 155 900 242 [xlx
919 161 998 220 16-

89 312 295 399 durnstudet
313 311 444 374 urbanus
464 309 620 389 tenditque
640 308 766 371 disertus
785 306 897 372 haberi.

103 394 236 488 Decipit
246 408 398 488 exemplar
417 397 504 471 vitiis*
516 407 667 478 imitabile
710 407 828 485 Quodsi

103 510 243 586 pallerem
263 526 343 580 casu,
365 505 504 568 biberent
525 524 674 582 exsangue
693 505 854 565 cuminum.

103 607 132 667 O
153 602 322 676 imitatores,
343 622 460 665 servum
480 622 582 681 pecus,
603 612 636 662 ut
655 600 728 661 mihi
747 620 838 678 saepe

102 701 201 775 bilem,
223 720 313 778 saepe
332 700 432 761 iocum
451 698 540 765 vestri
559 716 679 760 movere
699 701 857 761 tumultusl
960 720 999 758 20
1014 706 1038 771 fl

103 798 212 860 Libera
230 818 284 876 per
302 818 430 864 vacuum
450 795 539 875 posui
558 796 682 874 vestigia
701 797 847 880 princeps,
1040 784 1042 787 ¹

102 914 165 956 non
177 895 370 987 ¹alienalmeo
382 893 481 991 pressi
501 894 589 991 pede
612 888 693 970 ‘Qui
713 893 770 954 sibi
789 894 867 965 fidet,

103 994 164 1054 dux
183 998 264 1069 reget
277 1000 410 1052 examen.
451 990 554 1052 Parios
574 1009 632 1068 ego
651 989 763 1068 primus
783 990 899 1069 iambos

52 1128 56 1133 =
103 1089 222 1151 ostendi
236 1078 338 1162 Latio,
359 1107 499 1173 numeros
518 1086 695 1173 animosque
715 1098 834 1149 secutus

52 1172 62 1195 ⁷
103 1186 282 1261 Archilochi,
304 1206 366 1247 non
385 1206 437 1269 res³
452 1197 484 1246 et
502 1183 621 1268 agentia
639 1189 730 1248 verba
748 1188 929 1265 Lycamben.
960 1207 976 1245 2
981 1203 996 1264 5

104 1286 151 1344 Ac
171 1303 210 1344 ne
230 1303 279 1345 me
298 1282 376 1345 foliis
397 1283 466 1344 ideo
487 1281 671 1345 brevioribus
691 1304 779 1350 ornes
862 1341 864 1345 .

104 1381 187 1457 quod
206 1379 291 1441 timui
310 1358 425 1441 rirutare
443 1381 551 1449 modos
569 1391 601 1441 et
619 1381 757 1441 carminis
777 1391 878 1455 artem,
929 1351 959 1415 [s

104 1490 249 1556 temperat
268 1476 439 1539 Archilochi
459 1498 575 1538 musam
595 1480 675 1556 pede
695 1482 826 1540 mascula
836 1451 987 1557 ‘sapphof

104 1587 250 1656 temperat
269 1576 413 1650 Alcaeus,'
426 1577 480 1637 sed
499 1578 589 1665 renus
609 1588 639 1637 et
659 1576 767 1638 ordine
783 1576 892 1674 dispar,

44 1686 49 1691 “
104 1694 161 1736 nec
181 1686 316 1736 socerum
335 1673 449 1751 quaerit
470 1693 559 1751 quern
579 1673 712 1734 versibus
731 1672 846 1735 oblinat
865 1671 944 1746 atris,
960 1692 999 1748 30

109 1793 166 1834 nec
186 1791 312 1850 sponsae
332 1768 472 1849 laqueum
492 1774 609 1833 famoso
629 1770 758 1831 carmine
776 1769 878 1857 rrectit,
932 1812 953 1826 r.
1000 1819 1014 1841 ³.
1083 1822 1085 1831 r

107 1873 200 1930 Hunc
220 1887 285 1946 ego,
307 1887 369 1928 non
389 1864 585 1933 aliodictum
602 1866 681 1946 prius
701 1886 760 1940 ore,
782 1867 907 1928 Latinus
922 1857 974 1959 ſs
1077 1917 1081 1923 .

105 1964 222 2043 volgavi
242 1964 367 2031 fidicen„
402 1967 490 2053 Iuvat
510 1964 716 2028 immemorata
735 1966 880 2049 serentem

53 2072 58 2077 “
107 2061 241 2141 ingenuis
261 2054 416 2140 oculisque*
434 2062 491 2140 legi
512 2062 709 2147 manibusque
721 2061 831 2123 »teneri

107 2161 188 2221 Scire
206 2157 288 2231 velis,
309 2178 377 2221 mea
397 2177 451 2219 cur
469 2148 606 2239 ingratus
622 2162 765 2237 opuscula
784 2162 878 2220 lector
961 2176 998 2236 35

107 2258 208 2317 laudet
226 2265 367 2332 ametque
386 2253 478 2327 domi,
500 2266 613 2337 premat
635 2267 718 2316 extra
737 2256 830 2317 limen
848 2254 981 2346 iniquus:

107 2374 169 2414 non
190 2372 254 2430 ego,
266 2363 408 2415 ventosae
428 2346 682 2430 plebis'suffragia
700 2371 793 2413 venor

108 2449 250 2528 impensis
270 2468 411 2511 cenarum
432 2460 462 2510 et
483 2449 711 2537 tritapvmunere
730 2448 828 2525 vestis,

37 2604 40 2607 ,
107 2566 170 2607 non
191 2565 247 2623 ego
266 2545 411 2606 nobilium
431 2538 608 2623 scriptorum
627 2546 743 2607 auditor
763 2557 793 2607 et
813 2548 891 2606 ultor
900 2563 943 2647 s)
992 2536 997 2589 ἶ

108 2641 313 2722 grammaticas
332 2641 446 2704 ambire
466 2641 558 2703 tribus
579 2653 609 2705 et
629 2642 744 2720 pulpita
762 2642 876 2719 dignor.
962 2662 1002 2715 40

111 2739 196 2800 Hinc
216 2738 284 2799 illae
304 2737 452 2800 lacrimae.
496 2737 618 2817 ‘Spissis
638 2739 762 2816 indigna
782 2736 902 2799 theatris

110 2834 219 2912 scripta
238 2835 333 2912 pudet
352 2834 475 2896 recitare
495 2845 526 2895 et
546 2834 631 2912 nugis
651 2836 763 2902 addere
782 2834 914 2911 pondus'

111 2930 137 2991 si
157 2930 227 3004 dixi,
250 2930 353 2992 ‘rides’
373 2929 415 2991 ait
436 2935 479 2995 ‘at
500 2931 583 2995 Iovis¹
602 2930 721 2992 auribus
741 2930 797 2991 ista

112 3046 224 3087 servas:
243 3027 310 3093 fidis
331 3026 411 3086 enim
431 3046 553 3087 manare
573 3027 692 3117 poetica
711 3027 801 3088 mella

110 3133 142 3185 te
161 3122 267 3195 solum,
282 3122 336 3183 tibi
355 3094 494 3199 pricher?
532 3125 583 3184 Ad
603 3124 678 3184 haec
697 3141 754 3201 ego
774 3121 893 3183 naribus
909 3121 1003 3199 uti45

210 3316 250 3352 aa.
316 3306 430 3370 it—rega't
439 3307 530 3358 BOM:
544 3307 738 3375 fidet—regeto'
750 3309 785 3359 K.
