2309 3684
118 209 157 276 54
287 190 475 258 HORATJ‘
489 193 826 269 EPISTULARUM
862 183 918 274 [11.
935 193 1015 251 26..

119 341 236 404 Luculli
257 339 341 402 miles
361 343 488 402 collecta
506 339 614 401 viatica
633 338 734 400 multis

118 440 275 516 aerumnis,
296 442 390 500 lassus
412 441 484 500 dum
506 450 598 499 noctu
620 429 732 512 stertit‚'
745 438 784 499 ad
805 457 902 499 assem

117 542 304 620 perdiderat:
325 553 394 619 post
407 543 466 602 hoc
483 543 646 610 vehemens
664 542 759 618 lupus
775 552 805 601 et
819 539 875 602 sibi
894 550 924 602 et
937 537 1016 600 hosti

117 642 208 700 iratus
227 638 345 722 pariter,
366 638 471 720 ieiunis
492 639 633 699 dentibus
654 659 729 712 acer,
894 714 899 720 .

116 734 297 811 praesidium
318 736 415 812 regale
435 736 504 794 loeo
526 733 642 807 deiecit,
666 745 699 793 ut
719 733 811 810 aiunt,
950 813 952 818 ‚
977 753 1017 809 30

118 853 233 895 summe
252 832 368 894 munito
388 845 418 894 et
438 834 596 892 multarum
617 831 709 893 divite
728 852 834 893 rerum.

119 933 223 991 Clarus
246 932 287 991 ob
307 929 340 990 id
361 933 473 990 factum
495 928 583 990 donis
604 940 725 990 ornatur
744 928 887 1003 honestis,

118 1028 226 1105 accipit
246 1037 278 1088 et
298 1027 344 1088 bis
365 1028 444 1088 dena
465 1046 552 1104 super
573 1026 708 1087 sestertia
729 1045 894 1086 nummum.

119 1125 208 1186 Forte
228 1127 284 1186 sub
296 1125 363 1185 ‹hoc
383 1136 501 1202 tempus
522 1126 677 1210 castellum
699 1118 827 1185 evertere
847 1134 964 1202 praetor

118 1222 322 1312 ”Q
343 1221 467 1298 cupiens
487 1221 598 1282 hortari
618 1220 719 1298 coepit
740 1222 868 1281 eundem
977 1237 1015 1296 35

118 1319 214 1380 verbis
235 1339 312 1396 quae
332 1318 438 1379 timido
459 1338 578 1397 quoque
600 1329 724 1396 possent
740 1319 851 1378 addere
871 1326 1016 1397 mentem:

121 1418 163 1488 ‘I,
185 1418 274 1501 bone,
296 1417 357 1496 quo'
376 1415 468 1476 virtus
489 1426 542 1476 tua
561 1426 592 1475 te
612 1425 708 1487 votat,
730 1414 741 1474 i
761 1416 841 1491 pede
860 1415 966 1484 fausto,

119 1511 241 1588 grandia
260 1514 378 1571 laturus'
391 1510 564 1574 meritorum
585 1510 723 1588 praemia
768 1509 851 1584 Quid
871 1508 961 1568 stas?

121 1606 289 1670 Post‘haec
309 1609 359 1670 ille
380 1619 470 1683 cama
494 1606 684 1685 quantumvis
706 1606 839 1680 rusticus,
864 1605 961 1689 unit„

120 1705 176 1764 ibit
197 1724 234 1766 eo
255 1704 380 1782 quovis
401 1704 452 1782 qui
474 1725 582 1766 zonam
604 1703 743 1781 perdidit'
764 1702 869 1781 inquit.
928 1697 931 1704 ’
978 1723 1018 1777 40

121 1805 236 1863 Romae
258 1801 360 1862 nutriri
381 1802 454 1861 mihi
475 1800 600 1878 contigit
621 1812 710 1877 atque
731 1800 833 1860 doceri

119 1898 209 1959 iratus
230 1898 315 1960 Grais
336 1909 479 1976 quantum
498 1898 649 1959 nocuisset
669 1898 808 1957 Achilles.

88 2069 92 2076 ’
120 1997 266 2056 Adiecere
286 1997 383 2057 bonae
402 1997 504 2073 paullo
523 1998 591 2073 plus
611 1991 680 2054 artis
700 1995 846 2067 Athenae,

122 2093 233 2154 scilicet
252 2103 286 2153 ut
305 2093 414 2153 vellem
435 2112 525 2153 curvo
546 2093 703 2153 dinoscere
722 2101 835 2151 rectum

121 2201 211 2267 atque
231 2188 308 2252 inter
327 2190 414 2251 silvas
436 2190 581 2251 Academi
602 2209 743 2267 quaerere
762 2208 874 2249 verum.
980 2205 1018 2265 45

122 2290 206 2346 Dura
226 2279 281 2347 sed
301 2293 439 2348 emovere
458 2288 528 2347 loco
548 2306 599 2347 me
618 2295 755 2363 tempora
773 2296 857 2363 grato

121 2384 273 2462 civilisque
295 2385 401 2445 rudem
422 2384 493 2444 belli
514 2384 582 2444 tulit
604 2396 703 2444 aestus
725 2382 756 2442 in
777 2401 860 2442 arma
879 2461 884 2466 ἢ

122 2482 257 2544 Caesaris
277 2480 403 2559 Augusti
423 2500 486 2541 non
507 2500 685 2557 responsura
705 2478 828 2539 lacertis

122 2582 214 2642 Unde
235 2580 321 2640 simul
342 2579 471 2656 primum
491 2598 541 2639 me
561 2578 698 2638 dimisere
719 2577 859 2655 Philippi,

122 2677 235 2738 decisis¹
249 2678 391 2737 humilem
412 2676 520 2752 pennis
540 2676 724 2753 inopemque
744 2674 860 2753 paterni
982 2694 1020 2754 50

123 2787 153 2836 et
172 2773 239 2835 laris
259 2768 394 2834 etssfundi
415 2785 574 2850 paupertas
596 2772 714 2848 impulit
734 2773 832 2832 audax

122 2880 155 2929 ut
175 2888 276 2930 versus
295 2869 443 2929 facerem:
463 2870 517 2928 sed
538 2869 621 2945 quod
640 2888 703 2928 non
724 2868 801 2929 desit
820 2869 980 2928 habentem

123 2988 201 3045 quae
221 2955 361 3045 poterunt
381 2986 523 3044 umquam
544 2969 614 3028 satis
635 2986 795 3046 expurgare
815 2967 938 3038 cicutae,
973 2959 976 2966 '

124 3065 155 3121 ni
177 3061 282 3122 melius
305 3061 433 3123 dormire
453 3074 558 3140 putem
579 3083 670 3140 quam
689 3063 818 3125 scribere
836 3066 959 3140 reram?
1079 3138 1082 3142 ¹

123 3159 243 3233 Singula
263 3159 302 3218 de
322 3157 409 3219 nobis
431 3158 502 3220 anni
519 3161 700 3237 praedantur
719 3172 837 3233 euntes3
962 3178 1020 3241 -55

236 3359 277 3402 44·
309 3319 393 3402 vellem
405 3346 490 3409 αβΟΚ
510 3364 516 3397 :
528 3313 657 3413 posiimy
674 3364 680 3399 :
692 3357 787 3416 possem
798 3347 894 3414 7''BM.·
