2309 3684
142 187 165 245 1.
185 180 247 266 75]
422 236 460 295 z>
480 185 625 247 LIBER
651 185 697 245 II.

140 333 215 393 dnm
234 332 323 393 cadat
371 352 443 393 usus
461 333 576 414 Qut
595 334 707 395 ruentis
726 332 831 408 acervi,

140 430 193 507 qui
213 430 290 489 redit
308 430 341 489 in
360 431 452 490 fastos
472 439 503 490 et
521 430 660 490 virtutem
680 432 817 491 aestimat
835 429 922 489 annis

141 527 322 603 miraturque
342 526 415 585 nihil
435 526 492 586 nisi
513 525 596 600 quod
617 527 748 586 Libitina
767 528 899 589 samarit
997 523 1024 569 Χ

143 625 260 685 Ennius
281 633 311 684 et
331 625 450 701 sapiens
470 634 501 684 et
520 624 604 684 fortis
624 634 654 684 et
675 626 749 684 alter
769 626 931 698 Homerus,
1003 639 1042 701 50

141 731 177 781 ut
195 720 288 779 entia
309 720 420 793 dieunt,
441 720 546 780 ieviter
565 739 667 780 curare
686 722 803 782 videtur
834 704 841 709 ’

141 835 204 893 quo
223 817 371 893 promissa
388 817 499 876 cadant
518 826 549 876 et
568 817 686 876 somnia
705 814 962 897 Pythagoreus

142 913 276 973 Naevius
296 913 328 972 in
348 913 487 972 manibus
507 930 569 972 non
590 923 635 973 est
656 924 687 974 et
706 915 856 974 mentibus
875 915 977 974 haeret

104 1018 119 1055 t‘
140 1028 240 1088 paene
253 1011 379 1072 recens?
411 1010 499 1086 Adeo
513 1021 651 1070 sanctum
664 1021 710 1070 est
724 1021 808 1071 vetus
822 1028 913 1071 omne
926 1028 1042 1087 poema

140 1106 316 1189 affligitur
330 1106 468 1182 quotiens
488 1116 554 1166 uter
572 1116 640 1166 utro
660 1107 699 1166 sit
717 1106 806 1183 prior,
827 1107 921 1170 aufert
950 1110 954 1113 “
1005 1116 1042 1182 55

142 1205 290 1265 Pacuvius
310 1204 393 1275 docti
413 1203 523 1263 famam
543 1204 631 1276 senis,
653 1204 763 1262 Accius
782 1191 843 1277 alti,

141 1296 372 1360 dicituAfrani
393 1308 464 1375 toga
483 1300 660 1359 convenisse
682 1300 860 1371 Menandro,

143 1398 268 1457 Plautus
287 1396 328 1456 ad
347 1397 497 1473 exemplar
516 1397 607 1456 Siculi
626 1416 785 1474 properare
805 1395 984 1474 Epicharmi,

141 1494 263 1567 vincere
283 1493 431 1553 Caecilius
450 1493 602 1569 gravitate,
623 1486 781 1553 Terentius
801 1503 871 1557 arte

144 1593 215 1652 Hos
235 1589 341 1669 ‘Qit
360 1599 392 1650 et
411 1590 467 1648 hos
487 1598 552 1648 arto
571 1588 682 1664 stipata
701 1589 818 1648 theatro
1006 1590 1045 1646 60

143 1698 260 1767 spectat
279 1689 379 1747 Roma
397 1697 523 1762 potens3
543 1687 636 1746 habet
654 1687 711 1746 hos
730 1694 925 1762 numeratque
942 1694 1047 1762 poetas

143 1787 184 1848 ad
204 1795 339 1847 nostrum
358 1795 475 1861 tempus
497 1784 562 1844 Livi
582 1783 730 1860 scriptoris
750 1782 789 1843 ab
808 1802 891 1845 aevo.

146 1882 302 1942 Interdum
322 1882 426 1957 volgus
445 1889 560 1941 rectum
581 1879 680 1954 videt3
700 1893 747 1940 est
766 1881 819 1940 ubi
838 1891 952 1959 peccat.

146 1980 178 2039 Si
197 1989 312 2038 veteres
331 1978 373 2037 ita
393 1977 514 2036 miratur
532 1976 693 2052 laudatque
713 1987 818 2054 poetas

146 2087 180 2136 ut
198 2076 273 2135 nihil
293 2075 446 2146 anteferat,
467 2074 541 2132 nihil
560 2074 617 2132 illis
638 2086 798 2151 comparet,
821 2086 904 2139 errat.
997 2067 1045 2152 ¹65

146 2174 178 2234 Si
198 2175 346 2252 quaedam
366 2173 455 2232 nimis
474 2172 604 2248 antique,
626 2172 651 2231 si
671 2174 813 2249 pleraque
832 2176 906 2238 dure

146 2261 247 2333 dicere
266 2271 360 2331 credit
379 2288 442 2343 eos,
461 2270 568 2364 Q
588 2269 682 2328 multa
701 2271 816 2343 fatetur,

148 2378 178 2429 et
199 2368 276 2445 sapit
296 2377 327 2426 et
346 2384 464 2425 mecum
483 2365 554 2424 facit
573 2374 605 2424 et
626 2367 699 2425 Iove
718 2366 830 2427 iudicat
848 2386 953 2444 aequo,

149 2468 221 2527 Non
242 2464 382 2541 equidem
402 2463 532 2523 insector
545 2463 711 2524 delendave
731 2465 862 2524 carmina
883 2467 947 2525 Livi

148 2584 214 2627 esse
233 2583 316 2636 reor,
328 2563 451 2623 memini
471 2579 549 2636 quae
568 2563 726 2648 plagosum
744 2564 817 2622 mihi
837 2582 928 2641 parvo
1010 2581 1049 2638 70

150 2662 297 2726 Orbilium
316 2660 445 2752 (ῥίψῃς
472 2659 526 2719 sed
547 2660 706 2719 emendata
724 2660 818 2720 videri

148 2761 331 2839 pulchraque
352 2767 382 2818 et
401 2759 511 2817 exactis
531 2758 687 2817 minimum
707 2758 846 2819 distantia
866 2759 964 2818 miror.

150 2862 233 2919 Inter
253 2874 332 2934 quae
352 2856 475 2916 verbum
495 2855 615 2914 emicuit
634 2856 660 2914 si
680 2855 756 2914 torte
775 2855 927 2939 decorum,

149 2959 174 3019 si
194 2975 297 3017 versus
316 2955 419 3032 paullo
438 2954 612 3013 concinnior
630 2972 708 3013 unus
726 2963 759 3014 et
777 2954 859 3026 alter,

149 3055 258 3117 iniuste
276 3061 377 3112 toturn
397 3046 480 3111 ducit
499 3049 663 3125 venditque
682 3067 798 3126 poema
1012 3066 1026 3122 7
1032 3067 1047 3125 5

200 3240 242 3307 67.
274 3237 353 3289 credit
366 3237 475 3288 u‘OMK
494 3236 581 3286 :cedit
592 3235 623 3285 Β.
671 3232 712 3296 69.
747 3232 810 3284 Livi
824 3231 930 3284 u'OMK
950 3252 956 3284 ε
973 3234 1051 3283 lami

151 3322 181 3373 B.
285 3330 325 3389 753
357 3318 484 3390 urendique
494 3314 604 3368 alOMK
619 3325 627 3366 ἑ
643 3315 755 3378 vertitque
764 3313 795 3371 B,
