2309 3684
115 184 156 250 'o
315 148 500 253 HORATI
518 190 851 255 ammaum
902 190 940 274 [r.
954 211 1034 271 74-
1153 228 1154 233 a

137 337 293 417 respondit·
308 341 451 400 referatur
473 339 559 417 ‘quia
579 361 629 401 me
648 341 772 418 vestigia
790 348 909 416 terrent,

138 437 239 498 omnia
258 424 656 514 te'adversum.spectantia‚
678 442 760 499 nulla
779 442 955 500 retrorsum.’
994 457 1030 517 75

40 524 44 531 ’
137 536 230 597 Belua
248 536 409 595 multorum
429 534 623 612 escapitum.
662 537 741 597 Nam
761 536 833 614 quid
851 556 961 614 oequar
979 524 1037 599 ant¹
1065 520 1068 527 ¹

217 611 328 708 quemi
613 633 615 637 ’
819 624 823 630 ’
863 680 866 685 .
1019 624 1021 626 ’

136 748 204 807 pars
224 717 378 790 hominurn
398 729 486 807 gestit
505 731 673 791 conducere
693 730 830 807 publica3
850 741 920 792 sunt
939 732 991 809 qui

136 827 232 886 frustis
253 836 283 889 et
301 825 405 903 pomis·
418 826 521 887 viduas
541 838 685 887 venentur
705 846 816 901 avaras,

100 948 103 955 ⁴
136 922 340 1001 excipiantque
360 943 447 984 senes
466 943 542 1000 quos
561 923 594 982 in
613 923 722 985 vivaria
742 924 877 999 mittant3

96 1046 106 1083 a
135 1021 244 1082 multis¹
256 1023 374 1083 occulto
393 1021 498 1083 crescit
516 1037 563 1081 res
582 1023 692 1082 fenore.
732 1025 846 1083 Verum
991 1026 1029 1082 80

136 1116 200 1180 esto
221 1118 285 1179 aliis'
305 1118 378 1179 alios
398 1119 485 1179 rebus
506 1118 669 1195 studiisque
690 1119 800 1180 teneri:
921 1185 927 1200 Ι

135 1216 217 1279 idem
235 1219 341 1278 eadem
360 1216 485 1293 possunt
504 1216 608 1276 horam
628 1217 735 1277 durare
752 1220 914 1295 probantes
921 1224 962 1297 Ρἡ

135 1313 251 1374 ‘Nullus
271 1313 307 1373 in,
322 1316 395 1375 orbe
414 1312 495 1373 sinus
515 1312 595 1373 Baiis
615 1315 766 1390 praelucet
785 1298 934 1378 amoenis’

136 1410 161 1470 si
180 1410 254 1473 dixit
274 1410 363 1483 dives,
385 1412 465 1469 lacus
486 1419 517 1470 et
536 1429 625 1492 mare¹
638 1412 726 1471 sentit
746 1431 877 1473 amorem
1018 1414 1020 1418 ’

135 1506 299 1569 festinantis
319 1506 379 1568 eriz
402 1506 451 1567 cui
471 1507 496 1566 si
515 1506 622 1567 vitiosa
640 1507 734 1569 libido
987 1514 1025 1589 85
1087 1504 1090 1511 ’
1148 1556 1149 1569 ,

135 1605 235 1667 fecerit
254 1603 437 1682 auspiciums
448 1623 512 1665 cras
531 1604 862 1695 ferramentaPTeapum

135 1703 251 1774 tolletis,
272 1700 355 1763 fabri.
397 1703 505 1762 Lectus
525 1702 646 1778 genialis
666 1702 697 1762 in
718 1705 784 1765 aula
804 1714 867 1765 est:

135 1799 177 1859 nil
196 1799 238 1860 ait
257 1817 322 1860 esse
341 1797 429 1875 priua,
451 1786 555 1859 inelius
574 1799 618 1859 nil
637 1800 843 1887 caelibevitat

135 1895 241 1979 sinon
262 1906 314 1968 est,
335 1895 410 1955 iurat
430 1897 507 1957 berre
527 1896 597 1957 solis
619 1916 682 1958 esse
702 1898 821 1959 maritis.

136 1993 206 2068 Quo
226 2004 344 2057 teneam
364 1993 460 2069 voltus
481 1989 650 2076 mutantyn
666 1997 780 2069 Protea,
793 1980 916 2058 nodos
988 2020 1026 2078 90

127 2089 207 2167 Quid
226 2082 359 2166 pauper?
385 2088 465 2151 ride:
489 2100 584 2151 mutat
604 2084 752 2175 cenacula,
776 2095 878 2179 lectos,

135 2188 249 2260 balnea,
270 2196 413 2259 tonsores,
434 2189 585 2247 conducto
605 2188 724 2268 navigio
744 2209 839 2266 aeque

134 2295 257 2344 nauseat
276 2302 312 2344 ac
331 2285 464 2361 locuples
484 2304 573 2361 quern
594 2286 780 2363 ducit-priva
798 2287 930 2350 triremis.
967 2308 968 2311 ’
1057 2364 1060 2369 p

134 2380 166 2441 Si
185 2391 303 2443 curatus
322 2379 471 2457 inaequali
490 2391 609 2443 tonsore
629 2383 753 2459 capillos

134 2497 264 2552 occurro,
286 2476 364 2555 rides
374 2497 384 2550 3
408 2477 434 2537 si
444 2470 529 2539 ‘sorte
549 2481 692 2540 subucula
711 2500 807 2557 pexae
987 2503 1023 2561 95
1132 2563 1133 2566 Ἴ

134 2575 201 2636 trita
220 2576 320 2637 subest
340 2574 457 2637 tunicae
476 2579 524 2638 vel
542 2577 570 2636 si
590 2576 661 2654 toga
680 2578 804 2640 dissidet
822 2578 925 2657 impan'

133 2672 230 2735 rides:
252 2672 334 2750 quid,
355 2693 423 2735 mea
442 2693 510 2733 eum
531 2686 643 2751 pugnat
663 2676 810 2737 sententia
830 2697 940 2753 secum,

35 2759 39 2763 ’
133 2771 214 2847 quod
234 2769 319 2847 petiit
338 2768 457 2846 spernit,
479 2761 584 2847 rep‘etit
604 2774 686 2848 quod
706 2792 801 2851 nuper
820 2775 928 2850 omisit,

133 2879 247 2929 aestuat
266 2876 298 2927 et
316 2865 394 2927 vitae
414 2866 601 2957 disconuenit
619 2869 723 2930 ordine
744 2860 817 2945 toto,

134 2963 395 3043 diruit‚xaedificat,
419 2975 513 3025 mutat
533 2966 676 3042 quadrata
695 2967 853 3029 rotundis?
970 2991 1025 3029 roo

183 3251 221 3311 78.
245 3244 430 3313 srustr'su'Kr
451 3249 539 3299 crustis
549 3249 633 3301 ΒΜΟ.
734 3252 774 3313 85.
807 3251 846 3301 eri
854 3249 889 3300 ω’.
984 3265 1025 3318 95.

131 3327 263 3383 occurriu'
274 3329 344 3379 KM:
365 3344 464 3380 occurro
474 3329 503 3381 B.
569 3343 611 3398 97.
645 3331 810 3401 secumoflp't
831 3349 923 3385 mecum
934 3331 972 3395 7¹¹.
