2309 3684
110 220 148 279 ιο
335 203 374 278 Q.
397 203 583 264 Horas!
602 201 771 263 Fraccr
900 198 1015 284 [256-

109 346 260 429 spondeos
281 333 423 411 stlbilis'
414 370 445 410 ιιι
466 350 530 411 iura
549 362 673 428 paterna
693 348 804 427 recepit

91 447 286 526 commodus
306 457 337 507 et
357 446 483 524 patiens,
505 465 567 506 non
588 458 622 507 ut
642 448 681 507 de
702 448 775 507 sede
795 446 929 507 secunda

18 532 68 614 ‘so'
110 548 230 606 cederet
250 556 302 605 aut
322 556 428 621 quarta
447 544 601 646 socffluer.
646 544 709 604 Hic
728 544 811 604 etin
831 544 906 604 Acci

111 642 262 704 nobilibus
281 639 418 702 trimetris
438 645 562 719 apparet
581 661 671 714 raruS,
693 652 724 701 et
745 640 826 701 Enni

111 740 143 799 in
163 758 305 799 scaenam
322 739 430 799 missos
451 757 520 797 cum
540 757 651 828 magno
672 739 806 815 pondere
826 756 928 797 versus
955 740 1014 797 260

50 848 64 888 7
111 849 163 899 aut
182 857 293 916 operae
313 836 415 897 celeris
435 835 562 896 nimium
583 855 713 913 curaque
734 836 861 896 carentis

106 947 164 998 aut
180 917 335 1014 1gnorata'e
355 925 464 1013 premit
484 934 553 994 artis
574 934 699 996 crimine
719 934 805 1012 turpi.

114 1037 186 1095 Non
206 1034 302 1110 quivis
323 1033 404 1093 videt
424 1033 622 1113 immodulata
640 1036 780 1108 poemata
801 1053 810 1092 1
872 1053 899 1107 x,

114 1145 143 1194 et
164 1134 235 1194 data
256 1131 401 1192 Romanis
421 1130 510 1191 venia
530 1141 575 1191 est
595 1130 719 1207 indigna
738 1033 880 1218 poeti&
1010 1189 1047 1218 s

115 1229 271 1291 Idcircone
291 1249 381 1306 vager
401 1228 589 1306 scribamque
609 1227 754 1289 licenter?
774 1247 813 1287 an
834 1247 938 1288 omnes
957 1230 1014 1304 265
1076 1237 1081 1242 “

114 1327 227 1390 visuros
248 1308 368 1404 pecca
354 1346 373 1385 a
392 1336 496 1402 putem
516 1345 592 1399 mea,
614 1335 695 1385 tutus
716 1335 746 1385 et
765 1324 842 1385 intra

116 1444 201 1501 spem
220 1422 325 1484 veniae
345 1424 471 1482 cautus?
511 1420 611 1482 Vitavi
629 1421 702 1579 deqi
703 1442 760 1533 flue
780 1424 908 1499 culpam,

116 1542 179 1583 non
199 1523 319 1581 laudem
339 1519 441 1582 merui.
483 1522 547 1581 Vos
569 1541 676 1598 exemp
688 1541 748 1581 ana
769 1523 884 1582 Graeca

118 1630 263 1679 nocturna
281 1630 397 1679 versate
417 1636 517 1689 manu,
538 1628 654 1678 versate
674 1618 787 1678 diurna

119 1720 159 1778 At
179 1716 389 1794 vestriproavi
410 1716 563 1776 Plautinos
585 1727 615 1776 et
634 1735 774 1777 numeros
794 1725 826 1776 et
962 1732 1021 1789 270

62 1885 68 1890 Α
117 1814 274 1873 laudavere
295 1815 380 1886 sales,
402 1813 527 1873 nimium
547 1812 693 1891 patienter
711 1824 878 1890 utrumque,

120 1929 159 1970 ne
178 1909 276 1968 dicam
297 1911 394 1982 stulte,
415 1908 526 2012 mirati,
539 1908 682 2012 siaemodo
700 1928 759 1986 ego
777 1919 810 1969 et
830 1928 884 1969 vos

120 2007 229 2068 scimus
249 2008 427 2068 inurbanum
431 1985 555 2085 lepido
569 2026 715 2085 seponere
736 2007 817 2071 dicto

119 2108 342 2186 legitimumque
362 2125 469 2165 sonum
489 2104 589 2183 digitis
609 2107 751 2196 callemus
773 2118 802 2167 et
822 2124 900 2177 aure

121 2209 263 2282 Ignotum
283 2205 410 2281 tragicae
429 2223 524 2281 genus
544 2193 693 2263 invenisse
713 2222 856 2263 camenae
964 2221 998 2277 27
1003 2220 1019 2280 5

121 2302 227 2362 dicitur
247 2313 278 2361 et
298 2300 433 2377 plaustris
453 2299 568 2362 vexisse
589 2304 728 2377 poemata
748 2298 883 2377 Thespis,

122 2418 199 2476 quae
219 2410 360 2458 canerent
379 2409 499 2474 agerent
579 2396 714 2474 peruncti
734 2396 865 2457 faecibus
885 2415 944 2456 ora
952 2385 973 2451 l

124 2500 196 2557 Post
215 2496 297 2554 hunc
316 2514 461 2574 personae
480 2417 571 2572 pillil
542 2513 637 2572 eque
657 2469 950 2586 repertosffihestae

123 2594 287 2671 Aeschylus
308 2604 339 2653 et
358 2591 484 2653 modicis
504 2577 638 2652 instravit
659 2591 816 2668 pulpitar
789 2559 968 2668 W

125 2703 155 2753 et
174 2691 275 2752 docuit
296 2710 495 2768 magnumque
515 2691 597 2767 loqui
618 2689 732 2766 nitique
752 2689 910 2749 cothurno
917 2690 1024 2787 ‘jo

125 2787 272 2850 Successit
291 2800 374 2847 vetus
394 2787 441 2847 his
460 2786 626 2862 comoedia
648 2806 711 2847 non
732 2784 796 2845 sine
815 2786 910 2843 multa

125 2886 231 2958 laude3
259 2884 364 2944 sedin
383 2883 489 2944 vitium
508 2886 627 2945 libertas
648 2882 758 2945 excidit
778 2893 809 2942 et
828 2881 890 2941 vim

126 2982 246 3059 dignam
266 2983 332 3059 lege
351 2980 431 3076 regi·
422 3026 431 3055 ‚
451 2983 498 3041 lex
517 2993 563 3042 est
583 2991 709 3057 accepta
727 2980 895 3055 chorusque

126 3078 250 3154 turpiter
270 3078 394 3139 obticuit
414 3078 560 3139 sublato
552 3097 615 3138 rure
634 3075 772 3138 nocendi

129 3172 180 3231 Nil
200 3172 411 3250 intemptatum
430 3175 524 3235 nostri
544 3174 657 3251 liquere
677 3177 794 3251 poetae,
968 3172 1025 3248 285

178 3297 233 3349 260.
266 3301 349 3349 missos
368 3318 424 3350 cunt
446 3319 535 3367 magno
557 3303 673 3352 ωΟΚΜι
697 3302 788 3351 missus
807 3316 896 3365 magno
917 3315 973 3350 cum
995 3300 1028 3349 B.

131 3378 187 3442 265.
221 3376 473 3433 andOKMrutB.
550 3397 606 3447 277.
638 3382 890 3448 quaeoOKquur'
900 3382 931 3431 Β.
