2309 3684
108 202 146 263 52
283 188 466 250 HORATI
483 189 817 252 EPISTULARUM
851 186 889 270 [1.
907 204 1008 266 247-

108 338 207 396 dilecti
227 337 281 397 tibi
301 339 447 415 Vergilius
467 339 632 415 Variusque
652 350 769 416 poetae,

108 455 165 495 nec
185 436 278 511 magis
296 436 430 518 cupressi
449 437 547 495 voltus
567 455 621 512 per
641 455 736 496 aenea
756 436 841 512 signa

108 550 200 605 quam
218 549 272 606 per
291 532 366 590 vatis
386 514 463 607 opus
484 550 582 591 mores
602 532 755 608 animique
775 532 904 591 virorum

108 628 252 686 clarorum
272 639 425 704 apparent.
468 630 535 688 Nec
554 647 708 689 sermones
728 646 785 704 ego
805 630 925 687 mallem
948 645 1007 705 250

109 724 239 799 repentis
258 744 313 801 per
332 726 455 784 humum
476 712 565 801 quam
586 745 632 785 res
653 744 835 802 componere
855 736 962 803 gestas

109 834 310 897 terrarumque
331 822 403 881 situs
424 831 455 881 et
474 823 600 882 flumina
620 823 719 882 dicere
739 832 771 882 et
789 841 872 883 arces

110 916 261 975 montibus
282 917 438 993 impositas
459 927 490 977 et
511 918 638 978 barbara
656 938 748 995 regna
767 920 886 996 tuisque

111 1014 248 1090 auspiciis
268 1022 365 1074 totum
385 1016 523 1076 confecta
543 1017 643 1075 duella
663 1035 717 1092 per
738 1017 842 1076 orbem

110 1112 295 1187 claustraque
316 1112 472 1170 custodem
492 1112 574 1188 pacis
594 1112 766 1171 cohibentia
786 1112 894 1170 Ianum
951 1131 966 1169 2
971 1127 987 1187 5
992 1128 1007 1188 5

112 1216 142 1264 et
161 1206 348 1265 formidatam
369 1207 484 1265 Parthis
504 1217 534 1266 te
554 1207 690 1283 principe
711 1209 851 1302 Romam,

112 1305 135 1361 si
164 1315 307 1379 quantum
338 1322 478 1380 cuperem
509 1322 631 1379 possem
660 1322 796 1380 quoque:
813 1304 882 1364 ‘sed
911 1322 1010 1380 neque

190 1419 314 1476 parvum

112 1517 231 1557 carmen
252 1499 390 1558 maiestas
410 1499 515 1574 recipit
534 1508 586 1557 tua
606 1517 663 1557 nec
683 1517 768 1558 meus
788 1498 880 1558 audet

112 1615 174 1654 rem
194 1606 338 1672 temptare
358 1595 455 1671 pudor
475 1614 566 1672 quam
588 1597 662 1656 vires
683 1597 758 1656 ferre
777 1608 923 1657 recusent

113 1691 259 1752 Sedulitas
279 1669 390 1764 autem(
400 1693 489 1751 stulte
510 1711 600 1767 quem
621 1691 721 1769 diligit*
735 1701 849 1769 urguet,
953 1695 1011 1751 260

113 1784 272 1861 praecipue
293 1803 363 1843 cum
384 1765 416 1844 ie
436 1783 567 1845 numeris
588 1717 781 1845 commeddat
800 1795 831 1845 et
851 1795 931 1846 arte:

113 1881 201 1942 discit
220 1881 302 1941 enim
322 1880 624 1966 citiusmeminitque
644 1881 783 1942 libentius
803 1881 878 1943 illud

113 1980 197 2055 quod
216 1977 282 2052 quis
303 1963 419 2037 deridet
440 1997 530 2053 quarn
551 1979 634 2054 quod
654 1981 762 2056 probat
782 1990 814 2040 et
833 1991 998 2041 veneratur.

114 2076 166 2135 Nil
186 2094 284 2135 moror
304 2074 433 2134 officium
454 2077 537 2151 quod
556 2095 605 2135 me
625 2086 781 2151 gravatae
801 2095 899 2154 neque
919 2078 990 2136 ficto

114 2175 145 2233 in
166 2173 250 2250 peius
270 2173 353 2232 voltu
373 2172 502 2248 proponi
522 2192 624 2232 cereus
645 2192 772 2250 usquam
955 2176 1012 2250 265

114 2293 172 2333 nec
190 2290 279 2349 prave
299 2269 384 2330 factis
404 2270 537 2331 decorari
557 2270 690 2331 versibus
710 2281 793 2348 opto,

114 2389 154 2430 ne
173 2368 296 2428 rubeam
315 2365 418 2443 pingui
438 2368 568 2427 donatus
588 2386 710 2428 munere
730 2379 761 2429 et
781 2388 843 2428 una

115 2486 184 2526 cum
204 2463 346 2541 scriptore
366 2482 434 2523 meo
455 2482 546 2540 capsa
565 2475 717 2540 porrectus
738 2475 841 2542 operta

116 2565 230 2624 deferar
249 2561 280 2621 in
300 2561 399 2620 vicum
418 2561 599 2621 vendentem
620 2570 668 2620 tus
688 2571 719 2622 et
738 2561 845 2621 odores

117 2675 147 2722 et
166 2661 250 2739 piper
269 2671 300 2721 et
320 2656 462 2736 quicquid
481 2656 588 2717 chartis
608 2656 744 2718 amicitur
763 2656 881 2736 ineptis.
955 2676 1016 2735 270

295 2857 350 2912 268.
381 2863 463 2923 operta
479 2856 584 2907 u‘BMK
602 2875 609 2909 r
625 2863 709 2923 aperta
725 2855 757 2926 Ο,
