<?xml version="1.0" encoding="UTF-8"?>
<!DOCTYPE html PUBLIC "-//W3C//DTD XHTML 1.0 Transitional//EN"
    "http://www.w3.org/TR/xhtml1/DTD/xhtml1-transitional.dtd">
<html xmlns="http://www.w3.org/1999/xhtml" xml:lang="en" lang="en">
 <head>
  <title>
</title>
<meta http-equiv="Content-Type" content="text/html;charset=utf-8" />
  <meta name='ocr-system' content='tesseract 3.04.00' />
  <meta name='ocr-capabilities' content='ocr_page ocr_carea ocr_par ocr_line ocrx_word'/>
</head>
<body>
  <div class='ocr_page' id='page_1' title='image "./epistleshorace00wilkgoog_0055.png"; bbox 0 0 2309 3684; ppageno 0'>
   <div class='ocr_carea' id='block_1_1' title="bbox 106 137 1003 249">
    <p class='ocr_par' dir='ltr' id='par_1_1' title="bbox 106 137 1003 249">
     <span class='ocr_line' id='line_1_1' title="bbox 106 137 1003 249; baseline -0.001 -20"><span class='ocrx_word' id='word_1_1' title='bbox 106 172 163 231; x_wconf 87' lang='lat' dir='ltr'><strong>vr.</strong></span> <span class='ocrx_word' id='word_1_2' title='bbox 181 165 246 249; x_wconf 65' lang='lat' dir='ltr'><strong>sa]</strong></span> <span class='ocrx_word' id='word_1_3' title='bbox 345 166 348 172; x_wconf 87' lang='grc'><em>·</em></span> <span class='ocrx_word' id='word_1_4' title='bbox 417 182 426 194; x_wconf 31' lang='lat' dir='ltr'><strong>r</strong></span> <span class='ocrx_word' id='word_1_5' title='bbox 466 137 653 230; x_wconf 72' lang='lat' dir='ltr'><strong>treuna</strong></span> <span class='ocrx_word' id='word_1_6' title='bbox 969 187 1003 247; x_wconf 85' lang='lat'><strong>15</strong></span> 
     </span>
    </p>
   </div>
   <div class='ocr_carea' id='block_1_2' title="bbox 46 315 1079 3004">
    <p class='ocr_par' dir='ltr' id='par_1_2' title="bbox 46 315 1079 3004">
     <span class='ocr_line' id='line_1_2' title="bbox 110 315 911 402; baseline 0.001 -24"><span class='ocrx_word' id='word_1_7' title='bbox 110 315 234 378; x_wconf 81' lang='lat' dir='ltr'>Scilicet</span> <span class='ocrx_word' id='word_1_8' title='bbox 253 337 377 379; x_wconf 85' lang='lat' dir='ltr'><strong>uxorem</strong></span> <span class='ocrx_word' id='word_1_9' title='bbox 396 337 464 378; x_wconf 92' lang='lat' dir='ltr'><strong>cum</strong></span> <span class='ocrx_word' id='word_1_10' title='bbox 485 319 557 378; x_wconf 91' lang='lat' dir='ltr'><strong>dote</strong></span> <span class='ocrx_word' id='word_1_11' title='bbox 576 319 728 395; x_wconf 77' lang='lat' dir='ltr'><strong>fidemque</strong></span> <span class='ocrx_word' id='word_1_12' title='bbox 748 329 779 379; x_wconf 91' lang='lat' dir='ltr'><strong>et</strong></span> <span class='ocrx_word' id='word_1_13' title='bbox 798 318 911 402; x_wconf 83' lang='lat' dir='ltr'><strong>amicos</strong></span> 
     </span>
     <span class='ocr_line' id='line_1_3' title="bbox 112 400 838 491; baseline 0 -17"><span class='ocrx_word' id='word_1_14' title='bbox 112 424 144 474; x_wconf 93' lang='lat' dir='ltr'><strong>et</strong></span> <span class='ocrx_word' id='word_1_15' title='bbox 165 433 258 490; x_wconf 89' lang='lat' dir='ltr'><strong>genus</strong></span> <span class='ocrx_word' id='word_1_16' title='bbox 278 425 309 474; x_wconf 90' lang='lat' dir='ltr'><strong>et</strong></span> <span class='ocrx_word' id='word_1_17' title='bbox 328 400 453 491; x_wconf 66' lang='lat' dir='ltr'><strong>formam</strong></span> <span class='ocrx_word' id='word_1_18' title='bbox 473 414 574 490; x_wconf 79' lang='lat' dir='ltr'><strong>regina</strong></span> <span class='ocrx_word' id='word_1_19' title='bbox 595 416 726 475; x_wconf 84' lang='lat' dir='ltr'>Pecunia</span> <span class='ocrx_word' id='word_1_20' title='bbox 746 415 838 475; x_wconf 86' lang='lat' dir='ltr'><strong>donat</strong></span> 
     </span>
     <span class='ocr_line' id='line_1_4' title="bbox 114 504 930 588; baseline 0 -19"><span class='ocrx_word' id='word_1_21' title='bbox 114 528 151 569; x_wconf 87' lang='lat' dir='ltr'><strong>ac</strong></span> <span class='ocrx_word' id='word_1_22' title='bbox 171 510 247 570; x_wconf 91' lang='lat' dir='ltr'><strong>bene</strong></span> <span class='ocrx_word' id='word_1_23' title='bbox 267 520 454 570; x_wconf 90' lang='lat' dir='ltr'><strong>nummatum</strong></span> <span class='ocrx_word' id='word_1_24' title='bbox 474 504 596 571; x_wconf 74' lang='lat' dir='ltr'><strong>decor&#39;at</strong></span> <span class='ocrx_word' id='word_1_25' title='bbox 615 512 742 571; x_wconf 81' lang='lat' dir='ltr'>Suadela</span> <span class='ocrx_word' id='word_1_26' title='bbox 761 515 930 588; x_wconf 83' lang='lat' dir='ltr'><strong>Venusque.</strong></span> 
     </span>
     <span class='ocr_line' id='line_1_5' title="bbox 87 606 998 692; baseline 0.001 -26"><span class='ocrx_word' id='word_1_27' title='bbox 87 672 90 692; x_wconf 39' lang='lat'><em>¹</em></span> <span class='ocrx_word' id='word_1_28' title='bbox 116 606 273 685; x_wconf 79' lang='lat' dir='ltr'><strong>Mancipiis</strong></span> <span class='ocrx_word' id='word_1_29' title='bbox 293 609 430 684; x_wconf 79' lang='lat' dir='ltr'><strong>locuples</strong></span> <span class='ocrx_word' id='word_1_30' title='bbox 448 618 519 689; x_wconf 81' lang='lat' dir='ltr'><strong>eget</strong></span> <span class='ocrx_word' id='word_1_31' title='bbox 537 606 612 667; x_wconf 89' lang='lat' dir='ltr'><strong>aeris</strong></span> <span class='ocrx_word' id='word_1_32' title='bbox 634 610 849 684; x_wconf 83' lang='lat' dir='ltr'>Cappadocum</span> <span class='ocrx_word' id='word_1_33' title='bbox 868 629 932 668; x_wconf 82' lang='lat' dir='ltr'><strong>rex:</strong></span> <span class='ocrx_word' id='word_1_34' title='bbox 958 643 998 667; x_wconf 45' lang='lat' dir='ltr'><strong>c*</strong></span> 
     </span>
     <span class='ocr_line' id='line_1_6' title="bbox 102 704 1005 781; baseline -0.003 -13"><span class='ocrx_word' id='word_1_35' title='bbox 102 724 153 769; x_wconf 85' lang='lat' dir='ltr'><strong>-ne</strong></span> <span class='ocrx_word' id='word_1_36' title='bbox 171 704 260 764; x_wconf 87' lang='lat' dir='ltr'><strong>fueris</strong></span> <span class='ocrx_word' id='word_1_37' title='bbox 281 704 330 764; x_wconf 90' lang='lat' dir='ltr'><strong>hic</strong></span> <span class='ocrx_word' id='word_1_38' title='bbox 351 715 401 764; x_wconf 80' lang='lat' dir='ltr'><strong>tu·</strong></span> <span class='ocrx_word' id='word_1_39' title='bbox 428 706 608 781; x_wconf 86' lang='lat' dir='ltr'><strong>Chlamydes</strong></span> <span class='ocrx_word' id='word_1_40' title='bbox 629 707 779 778; x_wconf 87' lang='lat' dir='ltr'><strong>Lucullus,</strong></span> <span class='ocrx_word' id='word_1_41' title='bbox 800 717 833 765; x_wconf 95' lang='lat' dir='ltr'><strong>ut</strong></span> <span class='ocrx_word' id='word_1_42' title='bbox 852 706 943 780; x_wconf 87' lang='lat' dir='ltr'><strong>aiunt,</strong></span> <span class='ocrx_word' id='word_1_43' title='bbox 966 726 1005 779; x_wconf 86' lang='lat'><strong>40</strong></span> 
     </span>
     <span class='ocr_line' id='line_1_7' title="bbox 91 793 1079 885; baseline 0.003 -26"><span class='ocrx_word' id='word_1_44' title='bbox 91 800 139 860; x_wconf 78' lang='lat' dir='ltr'><strong>si</strong></span> <span class='ocrx_word' id='word_1_45' title='bbox 158 812 260 876; x_wconf 89' lang='lat' dir='ltr'><strong>posset</strong></span> <span class='ocrx_word' id='word_1_46' title='bbox 280 810 401 861; x_wconf 89' lang='lat' dir='ltr'><strong>centum</strong></span> <span class='ocrx_word' id='word_1_47' title='bbox 421 820 546 885; x_wconf 88' lang='lat' dir='ltr'><strong>scaenae</strong></span> <span class='ocrx_word' id='word_1_48' title='bbox 567 804 708 878; x_wconf 86' lang='lat' dir='ltr'><strong>praebere</strong></span> <span class='ocrx_word' id='word_1_49' title='bbox 727 813 853 880; x_wconf 85' lang='lat' dir='ltr'><strong>rogatus,</strong></span> <span class='ocrx_word' id='word_1_50' title='bbox 1077 793 1079 801; x_wconf 66' lang='grc'>’</span> 
     </span>
     <span class='ocr_line' id='line_1_8' title="bbox 115 898 1006 977; baseline 0.001 -18"><span class='ocrx_word' id='word_1_51' title='bbox 115 898 183 975; x_wconf 90' lang='lat' dir='ltr'><strong>‘qui</strong></span> <span class='ocrx_word' id='word_1_52' title='bbox 202 918 326 976; x_wconf 91' lang='lat' dir='ltr'><strong>possum</strong></span> <span class='ocrx_word' id='word_1_53' title='bbox 347 898 429 959; x_wconf 89' lang='lat' dir='ltr'><strong>tot?&#39;</strong></span> <span class='ocrx_word' id='word_1_54' title='bbox 451 898 511 958; x_wconf 88' lang='lat' dir='ltr'><strong>ait:</strong></span> <span class='ocrx_word' id='word_1_55' title='bbox 533 903 652 959; x_wconf 86' lang='lat' dir='ltr'><strong>‘tamen</strong></span> <span class='ocrx_word' id='word_1_56' title='bbox 673 909 703 960; x_wconf 91' lang='lat' dir='ltr'><strong>et</strong></span> <span class='ocrx_word' id='word_1_57' title='bbox 722 919 862 977; x_wconf 82' lang='lat' dir='ltr'><strong>quaeram</strong></span> <span class='ocrx_word' id='word_1_58' title='bbox 883 910 913 960; x_wconf 92' lang='lat' dir='ltr'><strong>et</strong></span> <span class='ocrx_word' id='word_1_59' title='bbox 933 911 1006 977; x_wconf 91' lang='lat' dir='ltr'><strong>quot</strong></span> 
     </span>
     <span class='ocr_line' id='line_1_9' title="bbox 116 990 312 1056; baseline 0 -1"><span class='ocrx_word' id='word_1_60' title='bbox 116 990 119 997; x_wconf 45' lang='lat'>⁴</span> <span class='ocrx_word' id='word_1_61' title='bbox 194 997 312 1056; x_wconf 85' lang='lat' dir='ltr'><strong>habebo</strong></span> 
     </span>
     <span class='ocr_line' id='line_1_10' title="bbox 115 1090 926 1169; baseline 0.001 -18"><span class='ocrx_word' id='word_1_62' title='bbox 115 1091 248 1151; x_wconf 62' lang='lat' dir='ltr'><strong>mittam!</strong></span> <span class='ocrx_word' id='word_1_63' title='bbox 290 1094 362 1151; x_wconf 91' lang='lat' dir='ltr'><strong>Post</strong></span> <span class='ocrx_word' id='word_1_64' title='bbox 381 1092 481 1169; x_wconf 91' lang='lat' dir='ltr'><strong>paullo</strong></span> <span class='ocrx_word' id='word_1_65' title='bbox 501 1090 600 1161; x_wconf 85' lang='lat' dir='ltr'><strong>scribit</strong></span> <span class='ocrx_word' id='word_1_66' title='bbox 621 1091 677 1151; x_wconf 90' lang='lat' dir='ltr'><strong>sibi</strong></span> <span class='ocrx_word' id='word_1_67' title='bbox 696 1092 778 1151; x_wconf 89' lang='lat' dir='ltr'><strong>milia</strong></span> <span class='ocrx_word' id='word_1_68' title='bbox 796 1091 926 1169; x_wconf 89' lang='lat' dir='ltr'><strong>quinque</strong></span> 
     </span>
     <span class='ocr_line' id='line_1_11' title="bbox 114 1187 973 1266; baseline 0.001 -18"><span class='ocrx_word' id='word_1_69' title='bbox 114 1208 181 1249; x_wconf 89' lang='lat' dir='ltr'><strong>esse</strong></span> <span class='ocrx_word' id='word_1_70' title='bbox 201 1188 283 1249; x_wconf 90' lang='lat' dir='ltr'><strong>domi</strong></span> <span class='ocrx_word' id='word_1_71' title='bbox 303 1189 493 1264; x_wconf 88' lang='lat' dir='ltr'><strong>chlamydum</strong></span> <span class='ocrx_word' id='word_1_72' title='bbox 498 1209 508 1260; x_wconf 82' lang='lat'>3</span> <span class='ocrx_word' id='word_1_73' title='bbox 528 1200 643 1266; x_wconf 90' lang='lat' dir='ltr'><strong>partem</strong></span> <span class='ocrx_word' id='word_1_74' title='bbox 663 1190 711 1248; x_wconf 91' lang='lat' dir='ltr'><strong>vel</strong></span> <span class='ocrx_word' id='word_1_75' title='bbox 732 1190 849 1261; x_wconf 79' lang='lat' dir='ltr'><strong>tolleret</strong></span> <span class='ocrx_word' id='word_1_76' title='bbox 869 1187 973 1250; x_wconf 62' lang='lat' dir='ltr'><strong>omnis„</strong></span> 
     </span>
     <span class='ocr_line' id='line_1_12' title="bbox 115 1278 1002 1371; baseline -0.002 -26"><span class='ocrx_word' id='word_1_77' title='bbox 115 1285 207 1345; x_wconf 85' lang='lat' dir='ltr'><strong>Exilis</strong></span> <span class='ocrx_word' id='word_1_78' title='bbox 228 1287 334 1371; x_wconf 73' lang='lat' dir='ltr'><strong>domus</strong></span> <span class='ocrx_word' id='word_1_79' title='bbox 355 1294 401 1344; x_wconf 89' lang='lat' dir='ltr'><strong>est</strong></span> <span class='ocrx_word' id='word_1_80' title='bbox 420 1284 473 1344; x_wconf 96' lang='lat' dir='ltr'><strong>ubi</strong></span> <span class='ocrx_word' id='word_1_81' title='bbox 493 1303 555 1344; x_wconf 90' lang='lat' dir='ltr'><strong>non</strong></span> <span class='ocrx_word' id='word_1_82' title='bbox 575 1295 606 1344; x_wconf 88' lang='lat' dir='ltr'><strong>et</strong></span> <span class='ocrx_word' id='word_1_83' title='bbox 625 1285 718 1343; x_wconf 88' lang='lat' dir='ltr'><strong>multa</strong></span> <span class='ocrx_word' id='word_1_84' title='bbox 738 1278 894 1360; x_wconf 82' lang='lat' dir='ltr'><strong>supersunt</strong></span> <span class='ocrx_word' id='word_1_85' title='bbox 965 1300 1002 1358; x_wconf 79' lang='lat'><strong>45</strong></span> 
     </span>
     <span class='ocr_line' id='line_1_13' title="bbox 114 1380 902 1463; baseline -0.003 -21"><span class='ocrx_word' id='word_1_86' title='bbox 114 1393 146 1442; x_wconf 87' lang='lat' dir='ltr'><strong>et</strong></span> <span class='ocrx_word' id='word_1_87' title='bbox 166 1380 322 1442; x_wconf 87' lang='lat' dir='ltr'><strong>dominum</strong></span> <span class='ocrx_word' id='word_1_88' title='bbox 343 1381 447 1439; x_wconf 85' lang='lat' dir='ltr'><strong>fallunt</strong></span> <span class='ocrx_word' id='word_1_89' title='bbox 467 1391 497 1440; x_wconf 91' lang='lat' dir='ltr'><strong>et</strong></span> <span class='ocrx_word' id='word_1_90' title='bbox 516 1392 641 1463; x_wconf 79' lang='lat' dir='ltr'><strong>prosupt</strong></span> <span class='ocrx_word' id='word_1_91' title='bbox 660 1380 779 1441; x_wconf 81' lang='lat' dir='ltr'><strong>furibus</strong></span> <span class='ocrx_word' id='word_1_92' title='bbox 823 1383 902 1457; x_wconf 87' lang='lat' dir='ltr'><strong>Ergo</strong></span> 
     </span>
     <span class='ocr_line' id='line_1_14' title="bbox 115 1459 859 1565; baseline -0.004 -27"><span class='ocrx_word' id='word_1_93' title='bbox 115 1478 141 1538; x_wconf 92' lang='lat' dir='ltr'><strong>si</strong></span> <span class='ocrx_word' id='word_1_94' title='bbox 160 1498 206 1538; x_wconf 91' lang='lat' dir='ltr'><strong>res</strong></span> <span class='ocrx_word' id='word_1_95' title='bbox 227 1459 291 1538; x_wconf 88' lang='lat' dir='ltr'><strong>sola</strong></span> <span class='ocrx_word' id='word_1_96' title='bbox 310 1489 409 1554; x_wconf 90' lang='lat' dir='ltr'><strong>potest</strong></span> <span class='ocrx_word' id='word_1_97' title='bbox 428 1479 525 1565; x_wconf 72' lang='lat' dir='ltr'><strong>facque</strong></span> <span class='ocrx_word' id='word_1_98' title='bbox 545 1488 574 1537; x_wconf 91' lang='lat' dir='ltr'><strong>et</strong></span> <span class='ocrx_word' id='word_1_99' title='bbox 595 1497 709 1538; x_wconf 83' lang='lat' dir='ltr'><strong>servare</strong></span> <span class='ocrx_word' id='word_1_100' title='bbox 729 1479 859 1549; x_wconf 88' lang='lat' dir='ltr'><strong>beatum,</strong></span> 
     </span>
     <span class='ocr_line' id='line_1_15' title="bbox 115 1573 959 1667; baseline -0.007 -30"><span class='ocrx_word' id='word_1_101' title='bbox 115 1578 174 1637; x_wconf 92' lang='lat' dir='ltr'><strong>hoc</strong></span> <span class='ocrx_word' id='word_1_102' title='bbox 195 1575 306 1667; x_wconf 76' lang='lat' dir='ltr'><strong>primus</strong></span> <span class='ocrx_word' id='word_1_103' title='bbox 325 1586 440 1652; x_wconf 86' lang='lat' dir='ltr'><strong>repetas</strong></span> <span class='ocrx_word' id='word_1_104' title='bbox 461 1594 546 1652; x_wconf 78' lang='lat' dir='ltr'><strong>opuS,</strong></span> <span class='ocrx_word' id='word_1_105' title='bbox 566 1577 635 1664; x_wconf 64' lang='lat' dir='ltr'><strong>hoc¹</strong></span> <span class='ocrx_word' id='word_1_106' title='bbox 646 1585 812 1661; x_wconf 79' lang='lat' dir='ltr'><strong>postremus</strong></span> <span class='ocrx_word' id='word_1_107' title='bbox 833 1573 959 1641; x_wconf 82' lang='lat' dir='ltr'><strong>omittas.</strong></span> 
     </span>
     <span class='ocr_line' id='line_1_16' title="bbox 115 1657 804 1749; baseline -0.006 -16"><span class='ocrx_word' id='word_1_108' title='bbox 115 1673 146 1734; x_wconf 90' lang='lat' dir='ltr'><strong>Si</strong></span> <span class='ocrx_word' id='word_1_109' title='bbox 167 1660 348 1733; x_wconf 64' lang='lat' dir='ltr'><strong>fortunatum</strong></span> <span class='ocrx_word' id='word_1_110' title='bbox 368 1671 483 1749; x_wconf 88' lang='lat' dir='ltr'><strong>speeies</strong></span> <span class='ocrx_word' id='word_1_111' title='bbox 499 1657 534 1731; x_wconf 64' lang='lat' dir='ltr'><strong>et</strong></span> <span class='ocrx_word' id='word_1_112' title='bbox 554 1671 647 1748; x_wconf 87' lang='lat' dir='ltr'><strong>gratia</strong></span> <span class='ocrx_word' id='word_1_113' title='bbox 666 1665 804 1748; x_wconf 79' lang='lat' dir='ltr'><strong>praestat,</strong></span> 
     </span>
     <span class='ocr_line' id='line_1_17' title="bbox 116 1750 1007 1845; baseline -0.006 -16"><span class='ocrx_word' id='word_1_114' title='bbox 116 1790 282 1845; x_wconf 81' lang='lat' dir='ltr'><strong>mercemur</strong></span> <span class='ocrx_word' id='word_1_115' title='bbox 301 1789 415 1830; x_wconf 91' lang='lat' dir='ltr'><strong>servum</strong></span> <span class='ocrx_word' id='word_1_116' title='bbox 435 1768 487 1845; x_wconf 90' lang='lat' dir='ltr'><strong>qui</strong></span> <span class='ocrx_word' id='word_1_117' title='bbox 507 1768 599 1828; x_wconf 86' lang='lat' dir='ltr'><strong>dictet</strong></span> <span class='ocrx_word' id='word_1_118' title='bbox 619 1750 749 1839; x_wconf 80' lang='lat' dir='ltr'><strong>nomina,</strong></span> <span class='ocrx_word' id='word_1_119' title='bbox 771 1770 887 1842; x_wconf 71' lang='lat' dir='ltr'><strong>laevum</strong></span> <span class='ocrx_word' id='word_1_120' title='bbox 970 1785 1007 1843; x_wconf 85' lang='lat'><strong>50</strong></span> 
     </span>
     <span class='ocr_line' id='line_1_18' title="bbox 117 1864 959 1942; baseline -0.002 -18"><span class='ocrx_word' id='word_1_121' title='bbox 117 1865 171 1942; x_wconf 92' lang='lat' dir='ltr'><strong>qui</strong></span> <span class='ocrx_word' id='word_1_122' title='bbox 190 1865 299 1925; x_wconf 89' lang='lat' dir='ltr'><strong>fodicet</strong></span> <span class='ocrx_word' id='word_1_123' title='bbox 318 1867 394 1925; x_wconf 90' lang='lat' dir='ltr'><strong>latus</strong></span> <span class='ocrx_word' id='word_1_124' title='bbox 416 1876 445 1924; x_wconf 88' lang='lat' dir='ltr'><strong>et</strong></span> <span class='ocrx_word' id='word_1_125' title='bbox 465 1876 552 1942; x_wconf 87' lang='lat' dir='ltr'><strong>cogat</strong></span> <span class='ocrx_word' id='word_1_126' title='bbox 572 1864 653 1924; x_wconf 75' lang='lat' dir='ltr'><strong>tra‘us</strong></span> <span class='ocrx_word' id='word_1_127' title='bbox 672 1865 807 1940; x_wconf 82' lang='lat' dir='ltr'><strong>pondera</strong></span> <span class='ocrx_word' id='word_1_128' title='bbox 827 1866 959 1923; x_wconf 85' lang='lat' dir='ltr'><strong>dextram</strong></span> 
     </span>
     <span class='ocr_line' id='line_1_19' title="bbox 117 1952 989 2040; baseline -0.003 -18"><span class='ocrx_word' id='word_1_129' title='bbox 117 1962 277 2040; x_wconf 86' lang='lat' dir='ltr'><strong>porrigere:</strong></span> <span class='ocrx_word' id='word_1_130' title='bbox 301 1962 360 2023; x_wconf 90' lang='lat' dir='ltr'><strong>‘hic</strong></span> <span class='ocrx_word' id='word_1_131' title='bbox 379 1952 506 2021; x_wconf 85' lang='lat' dir='ltr'><strong>multum</strong></span> <span class='ocrx_word' id='word_1_132' title='bbox 526 1962 558 2021; x_wconf 92' lang='lat' dir='ltr'><strong>in</strong></span> <span class='ocrx_word' id='word_1_133' title='bbox 579 1961 672 2022; x_wconf 88' lang='lat' dir='ltr'><strong>Fabia</strong></span> <span class='ocrx_word' id='word_1_134' title='bbox 691 1964 779 2033; x_wconf 86' lang='lat' dir='ltr'><strong>valet,</strong></span> <span class='ocrx_word' id='word_1_135' title='bbox 800 1962 849 2021; x_wconf 90' lang='lat' dir='ltr'><strong>ille</strong></span> <span class='ocrx_word' id='word_1_136' title='bbox 869 1961 975 2022; x_wconf 87' lang='lat' dir='ltr'><strong>Velina</strong></span> <span class='ocrx_word' id='word_1_137' title='bbox 981 1983 989 2034; x_wconf 87' lang='lat'>;</span> 
     </span>
     <span class='ocr_line' id='line_1_20' title="bbox 117 2041 836 2145; baseline -0.001 -26"><span class='ocrx_word' id='word_1_138' title='bbox 117 2041 260 2119; x_wconf 82' lang='lat' dir='ltr'><strong>cuilibet</strong></span> <span class='ocrx_word' id='word_1_139' title='bbox 278 2059 328 2119; x_wconf 87' lang='lat' dir='ltr'><strong>hic</strong></span> <span class='ocrx_word' id='word_1_140' title='bbox 346 2058 432 2137; x_wconf 79' lang='lat' dir='ltr'><strong>fascis</strong></span> <span class='ocrx_word' id='word_1_141' title='bbox 452 2057 543 2137; x_wconf 84' lang='lat' dir='ltr'><strong>dabit</strong></span> <span class='ocrx_word' id='word_1_142' title='bbox 556 2058 717 2145; x_wconf 74' lang='lat' dir='ltr'><strong>eripietque</strong></span> <span class='ocrx_word' id='word_1_143' title='bbox 737 2061 836 2118; x_wconf 82' lang='lat' dir='ltr'><strong>curule</strong></span> 
     </span>
     <span class='ocr_line' id='line_1_21' title="bbox 117 2156 941 2234; baseline -0.007 -13"><span class='ocrx_word' id='word_1_144' title='bbox 117 2159 167 2220; x_wconf 92' lang='lat' dir='ltr'><strong>cui</strong></span> <span class='ocrx_word' id='word_1_145' title='bbox 188 2158 461 2234; x_wconf 80' lang='lat' dir='ltr'><strong>voletinportunus</strong></span> <span class='ocrx_word' id='word_1_146' title='bbox 482 2156 572 2216; x_wconf 89' lang='lat' dir='ltr'><strong>ebur.’</strong></span> <span class='ocrx_word' id='word_1_147' title='bbox 613 2158 722 2227; x_wconf 84' lang='lat' dir='ltr'><strong>Frater,</strong></span> <span class='ocrx_word' id='word_1_148' title='bbox 744 2166 829 2232; x_wconf 87' lang='lat' dir='ltr'><strong>pater</strong></span> <span class='ocrx_word' id='word_1_149' title='bbox 849 2156 941 2229; x_wconf 79' lang='lat' dir='ltr'><strong>adde3</strong></span> 
     </span>
     <span class='ocr_line' id='line_1_22' title="bbox 82 2238 1006 2333; baseline -0.004 -17"><span class='ocrx_word' id='word_1_150' title='bbox 82 2268 87 2277; x_wconf 93' lang='grc'><strong><em>’</em></strong></span> <span class='ocrx_word' id='word_1_151' title='bbox 116 2268 151 2317; x_wconf 92' lang='lat' dir='ltr'><strong>ut</strong></span> <span class='ocrx_word' id='word_1_152' title='bbox 174 2255 281 2331; x_wconf 89' lang='lat' dir='ltr'><strong>cuique</strong></span> <span class='ocrx_word' id='word_1_153' title='bbox 302 2265 346 2313; x_wconf 91' lang='lat' dir='ltr'><strong>est</strong></span> <span class='ocrx_word' id='word_1_154' title='bbox 366 2263 456 2324; x_wconf 85' lang='lat' dir='ltr'><strong>aetas,</strong></span> <span class='ocrx_word' id='word_1_155' title='bbox 476 2252 519 2312; x_wconf 86' lang='lat' dir='ltr'><strong>ita</strong></span> <span class='ocrx_word' id='word_1_156' title='bbox 539 2271 686 2329; x_wconf 89' lang='lat' dir='ltr'><strong>quemque</strong></span> <span class='ocrx_word' id='word_1_157' title='bbox 706 2254 818 2312; x_wconf 86' lang='lat' dir='ltr'><strong>facetus</strong></span> <span class='ocrx_word' id='word_1_158' title='bbox 838 2238 955 2333; x_wconf 70' lang='lat' dir='ltr'><strong>adopta</strong></span> <span class='ocrx_word' id='word_1_159' title='bbox 971 2269 1006 2329; x_wconf 83' lang='lat'><strong>55</strong></span> 
     </span>
     <span class='ocr_line' id='line_1_23' title="bbox 117 2338 857 2426; baseline -0.007 -14"><span class='ocrx_word' id='word_1_160' title='bbox 117 2351 148 2414; x_wconf 86' lang='lat' dir='ltr'><strong>si</strong></span> <span class='ocrx_word' id='word_1_161' title='bbox 170 2353 248 2411; x_wconf 91' lang='lat' dir='ltr'><strong>bene</strong></span> <span class='ocrx_word' id='word_1_162' title='bbox 268 2350 318 2426; x_wconf 91' lang='lat' dir='ltr'><strong>qui</strong></span> <span class='ocrx_word' id='word_1_163' title='bbox 338 2359 426 2408; x_wconf 90' lang='lat' dir='ltr'><strong>cenat</strong></span> <span class='ocrx_word' id='word_1_164' title='bbox 446 2338 522 2410; x_wconf 82' lang='lat' dir='ltr'><strong>bene</strong></span> <span class='ocrx_word' id='word_1_165' title='bbox 542 2348 623 2422; x_wconf 80' lang='lat' dir='ltr'><strong>vivit,</strong></span> <span class='ocrx_word' id='word_1_166' title='bbox 645 2350 732 2423; x_wconf 92' lang='lat' dir='ltr'><strong>lucet,</strong></span> <span class='ocrx_word' id='word_1_167' title='bbox 756 2368 857 2408; x_wconf 91' lang='lat' dir='ltr'><strong>eamus</strong></span> 
     </span>
     <span class='ocr_line' id='line_1_24' title="bbox 94 2432 867 2542; baseline -0.003 -35"><span class='ocrx_word' id='word_1_168' title='bbox 94 2468 179 2527; x_wconf 72' lang='lat' dir='ltr'><strong>„quo</strong></span> <span class='ocrx_word' id='word_1_169' title='bbox 201 2446 282 2507; x_wconf 89' lang='lat' dir='ltr'><strong>ducit</strong></span> <span class='ocrx_word' id='word_1_170' title='bbox 301 2447 385 2531; x_wconf 63' lang='lat' dir='ltr'><strong>3le</strong></span> <span class='ocrx_word' id='word_1_171' title='bbox 400 2432 556 2542; x_wconf 59' lang='lat' dir='ltr'><strong>piscenqur,</strong></span> <span class='ocrx_word' id='word_1_172' title='bbox 570 2434 720 2531; x_wconf 78' lang='lat' dir='ltr'><strong>venemur,</strong></span> <span class='ocrx_word' id='word_1_173' title='bbox 742 2448 775 2517; x_wconf 75' lang='lat' dir='ltr'><strong>&#39;ut</strong></span> <span class='ocrx_word' id='word_1_174' title='bbox 795 2446 867 2506; x_wconf 86' lang='lat' dir='ltr'><strong>olim</strong></span> 
     </span>
     <span class='ocr_line' id='line_1_25' title="bbox 96 2543 890 2621; baseline -0.006 -16"><span class='ocrx_word' id='word_1_175' title='bbox 96 2543 275 2621; x_wconf 86' lang='lat' dir='ltr'><strong>-Gargilius,</strong></span> <span class='ocrx_word' id='word_1_176' title='bbox 295 2544 345 2618; x_wconf 90' lang='lat' dir='ltr'><strong>qui</strong></span> <span class='ocrx_word' id='word_1_177' title='bbox 365 2561 453 2602; x_wconf 89' lang='lat' dir='ltr'><strong>mane</strong></span> <span class='ocrx_word' id='word_1_178' title='bbox 473 2544 584 2621; x_wconf 79' lang='lat' dir='ltr'><strong>plagas,</strong></span> <span class='ocrx_word' id='word_1_179' title='bbox 606 2545 760 2617; x_wconf 85' lang='lat' dir='ltr'><strong>venabula,</strong></span> <span class='ocrx_word' id='word_1_180' title='bbox 783 2548 890 2614; x_wconf 88' lang='lat' dir='ltr'><strong>ser&#39;vos,</strong></span> 
     </span>
     <span class='ocr_line' id='line_1_26' title="bbox 118 2622 899 2718; baseline -0.004 -17"><span class='ocrx_word' id='word_1_181' title='bbox 118 2641 269 2713; x_wconf 82' lang='lat' dir='ltr'><strong>differtum</strong></span> <span class='ocrx_word' id='word_1_182' title='bbox 289 2639 410 2699; x_wconf 88' lang='lat' dir='ltr'><strong>transire</strong></span> <span class='ocrx_word' id='word_1_183' title='bbox 430 2641 525 2700; x_wconf 85' lang='lat' dir='ltr'><strong>forum</strong></span> <span class='ocrx_word' id='word_1_184' title='bbox 546 2622 749 2718; x_wconf 83' lang='lat' dir='ltr'><strong>populumque</strong></span> <span class='ocrx_word' id='word_1_185' title='bbox 769 2639 899 2713; x_wconf 74' lang='lat' dir='ltr'><strong>iubebat,</strong></span> 
     </span>
     <span class='ocr_line' id='line_1_27' title="bbox 119 2736 1050 2815; baseline -0.006 -17"><span class='ocrx_word' id='word_1_186' title='bbox 119 2758 196 2798; x_wconf 92' lang='lat' dir='ltr'><strong>unus</strong></span> <span class='ocrx_word' id='word_1_187' title='bbox 216 2747 287 2813; x_wconf 58' lang='lat' dir='ltr'><strong>ute</strong></span> <span class='ocrx_word' id='word_1_188' title='bbox 307 2736 407 2796; x_wconf 89' lang='lat' dir='ltr'><strong>multis</strong></span> <span class='ocrx_word' id='word_1_189' title='bbox 427 2738 541 2814; x_wconf 90' lang='lat' dir='ltr'><strong>populo</strong></span> <span class='ocrx_word' id='word_1_190' title='bbox 562 2748 713 2815; x_wconf 84' lang='lat' dir='ltr'><strong>spectante</strong></span> <span class='ocrx_word' id='word_1_191' title='bbox 733 2739 852 2799; x_wconf 86' lang='lat' dir='ltr'><strong>referret</strong></span> <span class='ocrx_word' id='word_1_192' title='bbox 972 2740 1010 2795; x_wconf 88' lang='lat'><strong>60</strong></span> <span class='ocrx_word' id='word_1_193' title='bbox 1041 2784 1050 2803; x_wconf 66' lang='lat'><strong><em>„</em></strong></span> 
     </span>
     <span class='ocr_line' id='line_1_28' title="bbox 46 2806 1040 2969; baseline -0.004 -77"><span class='ocrx_word' id='word_1_194' title='bbox 46 2823 50 2828; x_wconf 39' lang='lat'>⁸</span> <span class='ocrx_word' id='word_1_195' title='bbox 122 2834 255 2911; x_wconf 83' lang='lat' dir='ltr'><strong>emptum</strong></span> <span class='ocrx_word' id='word_1_196' title='bbox 274 2834 372 2893; x_wconf 88' lang='lat' dir='ltr'><strong>mulus</strong></span> <span class='ocrx_word' id='word_1_197' title='bbox 392 2853 502 2910; x_wconf 88' lang='lat' dir='ltr'><strong>aprum.</strong></span> <span class='ocrx_word' id='word_1_198' title='bbox 545 2824 824 2909; x_wconf 80' lang='lat' dir='ltr'><strong>Cruditumidique</strong></span> <span class='ocrx_word' id='word_1_199' title='bbox 844 2835 981 2903; x_wconf 82' lang='lat' dir='ltr'><strong>lavemur,</strong></span> <span class='ocrx_word' id='word_1_200' title='bbox 992 2806 1040 2969; x_wconf 49' lang='lat' dir='ltr'><em>s</em></span> 
     </span>
     <span class='ocr_line' id='line_1_29' title="bbox 123 2923 833 3004; baseline -0.001 -16"><span class='ocrx_word' id='word_1_201' title='bbox 123 2929 192 3004; x_wconf 85' lang='lat' dir='ltr'><strong>quid</strong></span> <span class='ocrx_word' id='word_1_202' title='bbox 213 2930 320 2988; x_wconf 90' lang='lat' dir='ltr'><strong>deceat</strong></span> <span class='ocrx_word' id='word_1_203' title='bbox 339 2926 412 3004; x_wconf 91' lang='lat' dir='ltr'><strong>quid</strong></span> <span class='ocrx_word' id='word_1_204' title='bbox 432 2947 493 2989; x_wconf 89' lang='lat' dir='ltr'><strong>non</strong></span> <span class='ocrx_word' id='word_1_205' title='bbox 514 2928 606 3000; x_wconf 88' lang='lat' dir='ltr'><strong>obliti,</strong></span> <span class='ocrx_word' id='word_1_206' title='bbox 629 2923 750 2999; x_wconf 71' lang='lat' dir='ltr'><strong>Caerite</strong></span> <span class='ocrx_word' id='word_1_207' title='bbox 766 2947 833 2988; x_wconf 84' lang='lat' dir='ltr'><strong>cera</strong></span> 
     </span>
    </p>
   </div>
   <div class='ocr_carea' id='block_1_3' title="bbox 49 3138 1014 3376">
    <p class='ocr_par' dir='ltr' id='par_1_3' title="bbox 49 3138 1014 3376">
     <span class='ocr_line' id='line_1_30' title="bbox 172 3138 1011 3206; baseline 0.005 -16"><span class='ocrx_word' id='word_1_208' title='bbox 172 3143 210 3204; x_wconf 82' lang='lat'><strong>48.</strong></span> <span class='ocrx_word' id='word_1_209' title='bbox 241 3141 387 3206; x_wconf 55' lang='grc' dir='ltr'><strong>ιθνίηιιιεαβ</strong></span> <span class='ocrx_word' id='word_1_210' title='bbox 396 3138 516 3193; x_wconf 90' lang='lat' dir='ltr'>BOKM:</span> <span class='ocrx_word' id='word_1_211' title='bbox 533 3143 650 3206; x_wconf 80' lang='lat' dir='ltr'><strong>primum</strong></span> <span class='ocrx_word' id='word_1_212' title='bbox 660 3159 687 3203; x_wconf 76' lang='grc' dir='ltr'><strong>γ.</strong></span> <span class='ocrx_word' id='word_1_213' title='bbox 721 3153 760 3202; x_wconf 86' lang='lat'><strong>50.</strong></span> <span class='ocrx_word' id='word_1_214' title='bbox 785 3144 883 3192; x_wconf 77' lang='lat' dir='ltr'><strong>laevum</strong></span> <span class='ocrx_word' id='word_1_215' title='bbox 894 3143 1011 3194; x_wconf 90' lang='lat' dir='ltr'>BOKM:</span> 
     </span>
     <span class='ocr_line' id='line_1_31' title="bbox 49 3215 1014 3289; baseline 0.006 -21"><span class='ocrx_word' id='word_1_216' title='bbox 49 3215 52 3221; x_wconf 76' lang='grc'>’</span> <span class='ocrx_word' id='word_1_217' title='bbox 130 3235 222 3272; x_wconf 72' lang='lat' dir='ltr'><strong>samum</strong></span> <span class='ocrx_word' id='word_1_218' title='bbox 234 3230 266 3274; x_wconf 73' lang='lat' dir='ltr'><strong>s·-</strong></span> <span class='ocrx_word' id='word_1_219' title='bbox 331 3235 370 3285; x_wconf 84' lang='lat'><strong>51.</strong></span> <span class='ocrx_word' id='word_1_220' title='bbox 394 3223 652 3289; x_wconf 75' lang='lat' dir='ltr'><strong>fodicets‘BOKM:</strong></span> <span class='ocrx_word' id='word_1_221' title='bbox 666 3224 757 3288; x_wconf 70' lang='lat' dir='ltr'><strong>foalat.</strong></span> <span class='ocrx_word' id='word_1_222' title='bbox 832 3240 870 3286; x_wconf 81' lang='lat'><strong>53.</strong></span> <span class='ocrx_word' id='word_1_223' title='bbox 904 3226 1014 3289; x_wconf 63' lang='lat' dir='ltr'><strong>hicapy&#39;</strong></span> 
     </span>
     <span class='ocr_line' id='line_1_32' title="bbox 132 3300 1011 3376; baseline 0.002 -26"><span class='ocrx_word' id='word_1_224' title='bbox 132 3300 222 3353; x_wconf 83' lang='lat' dir='ltr'>OKM:</span> <span class='ocrx_word' id='word_1_225' title='bbox 244 3302 307 3365; x_wconf 73' lang='lat' dir='ltr'><strong>is7&#39;&#39;</strong></span> <span class='ocrx_word' id='word_1_226' title='bbox 316 3305 345 3354; x_wconf 90' lang='lat' dir='ltr'><strong>B.</strong></span> <span class='ocrx_word' id='word_1_227' title='bbox 411 3319 451 3370; x_wconf 83' lang='lat'><strong>59.</strong></span> <span class='ocrx_word' id='word_1_228' title='bbox 478 3306 781 3370; x_wconf 76' lang='lat' dir='ltr'><strong>populumqueuOKMz</strong></span> <span class='ocrx_word' id='word_1_229' title='bbox 805 3305 865 3376; x_wconf 73' lang='lat' dir='ltr'><strong>Cum</strong></span> <span class='ocrx_word' id='word_1_230' title='bbox 884 3368 893 3371; x_wconf 83' lang='lat'><strong>..</strong></span> <span class='ocrx_word' id='word_1_231' title='bbox 928 3372 933 3376; x_wconf 74' lang='lat'>.</span> <span class='ocrx_word' id='word_1_232' title='bbox 1004 3339 1011 3352; x_wconf 92' lang='lat'><strong><em>.</em></strong></span> 
     </span>
    </p>
   </div>
   <div class='ocr_carea' id='block_1_4' title="bbox 0 0 1170 3684">
    <p class='ocr_par' dir='ltr' id='par_1_4' title="bbox 0 0 1170 3684">
     <span class='ocr_line' id='line_1_33' title="bbox 0 0 1170 3684; baseline 0 0"><span class='ocrx_word' id='word_1_233' title='bbox 0 0 1170 3684; x_wconf 95' lang='lat' dir='ltr'><strong> </strong></span> 
     </span>
    </p>
   </div>
  </div>
 </body>
</html>
