2309 3684
112 147 165 243 '48
296 169 480 232 noum
499 166 836 230 EPISTULARUM
869 164 1025 249 [1.132-

127 313 224 379 Castis
244 334 312 376 curn
331 300 430 392 pueris
449 312 555 401 igpara
569 315 672 392 puella
691 310 788 374 mariti

125 413 252 483 disceret
271 413 353 473 unde
372 410 486 488 preces,
506 422 607 472 vatem
626 409 659 471 ni
678 429 763 470 musa
781 407 935 472 dedisset?

126 508 227 571 Poscit
241 527 335 595 922131
356 510 464 568 chorus
485 518 516 568 et
533 505 702 585 praesentia
720 506 844 567 numina
863 507 963 581 sentit,

124 597 264 666 caelestis
278 603 416 682 implorat
435 622 528 681 aquas
548 604 639 664 docta
658 621 747 681 prece
767 603 902 678 blandus,
968 617 1024 680 135

126 703 231 764 avertit
250 704 379 778 morbos,
401 702 564 763 metuenda
582 699 715 779 pericula
735 700 829 778 pellit,

126 796 264 875 impetrat
285 808 315 858 et
334 817 443 876 pacem
462 809 494 863 et
512 800 694 876 locupletem
714 798 844 874 frugibus
864 816 986 859 annum.
1013 789 1017 795 ’

117 922 121 933 ι
154 895 267 957 armine
286 896 319 957 di
339 894 438 973 superi
457 897 621 974 placantur,
642 893 774 955 carmine
793 913 906 959 manes

90 991 284 1081 sAgriculae
303 991 400 1069 prisci,
421 996 512 1054 sortes
532 1011 685 1070 parvoque
705 991 795 1066 beati,

77 1096 88 1143 l
127 1090 250 1151 condita
268 1101 339 1168 post
358 1092 506 1152 frumenta
524 1092 657 1151 levantes
677 1101 810 1167 tempore
830 1091 907 1151 sesto
971 1110 1029 1164 ¹40

127 1209 235 1268 corpus
255 1201 286 1251 et
305 1187 403 1266 ipsum
423 1188 558 1250 animum
572 1208 633 1266 spe
652 1187 720 1251 linis
740 1189 815 1249 dura
833 1190 977 1250 serentem

127 1306 198 1347 cum
218 1285 305 1347 sociis
325 1304 451 1362 opernm
471 1284 572 1363 pueris
592 1297 623 1348 et
642 1285 769 1364 coniuge
789 1286 858 1365 fida,

127 1384 280 1444 Tellurem
298 1400 401 1460 porco,
423 1381 574 1442 Silvanum
594 1384 672 1443 lacte
691 1384 823 1459 piabant,

128 1476 251 1539 floribus
270 1475 391 1539 etvino
411 1475 540 1539 Genium
560 1497 724 1538 memorem
744 1476 840 1538 brevis
859 1474 933 1549 aevi

129 1572 316 1635 Fescennina
333 1592 388 1651 per
406 1575 488 1634 hunc
507 1574 630 1636 inventa
648 1574 771 1636 licentia
788 1595 903 1638 morem
973 1594 1028 1652 ¹45

128 1669 261 1731 versibus
280 1668 401 1731 alternis
416 1673 582 1748 opprobria
601 1672 710 1734 rustica
729 1672 815 1746 fudit,

129 1766 308 1844 libertasque
328 1768 503 1829 recurrentis
523 1781 649 1847 accepta
669 1790 722 1848 per
740 1789 836 1831 annos

130 1861 200 1922 lusit
220 1857 393 1935 amabiliter,
414 1861 542 1923 donec'
534 1882 594 1946 ram
614 1883 720 1925 saevus
740 1875 874 1943 apertam

130 1958 164 2019 in
182 1958 295 2018 rabiem
316 1955 415 2033 coepit
434 1957 509 2019 verti
529 1958 614 2021 iocus
634 1972 665 2022 et
684 1981 738 2039 per
757 1964 896 2023 honestas

131 2053 175 2114 ire
194 2051 330 2117 domos
321 2072 444 2130 impune
463 2053 571 2119 minax.
614 2059 746 2120 Doluere
766 2075 890 2120 cruento
975 2076 1034 2136 ¹50

132 2151 224 2211 deute
242 2148 388 2211 lacessiti
408 2148 491 2211 fuit
482 2152 603 2215 intactis
623 2174 743 2232 quoque
762 2174 834 2215 cura

131 2245 311 2308 condicione
331 2265 422 2324 super
440 2250 613 2313 communi:
637 2252 710 2329 quin
731 2252 821 2313 etiam
842 2254 889 2313 lex

133 2362 292 2422 poenaque
311 2343 372 2403 lata
391 2344 471 2404 malo
490 2364 569 2423 quae
589 2350 682 2411 nollet
701 2349 832 2410 carmine
851 2369 1034 2427 quemquam

133 2437 269 2501 describi.
311 2440 434 2501 Vertere
454 2443 589 2518 modum,
609 2444 768 2506 formidine
786 2445 871 2525 fustis

134 2540 175 2600 ad
195 2535 453 2598 benedicendum
474 2538 746 2619 delectandumque
765 2526 885 2602 redacti.
976 2557 1033 2618 155

110 2624 261 2697 *Graecia
280 2645 368 2710 capta
387 2635 481 2694 lerum
501 2635 645 2697 victorem
665 2638 745 2715 cepit
765 2649 795 2699 et
814 2637 885 2699 artis

135 2731 233 2792 intulit
253 2728 360 2808 agresti
381 2730 476 2793 Latio.
503 2731 569 2794 >Sic
588 2733 724 2795 horridus
745 2734 795 2797 ille
811 2774 814 2781 ‚

137 2827 259 2890 defluxit
279 2846 418 2888 numerus
438 2829 592 2890 Saturnius
612 2842 642 2892 et
661 2851 750 2909 grave
769 2830 847 2891 virus

137 2924 303 2986 munditiae
322 2925 481 3003 pepulere:
505 2927 559 2987 sed
579 2926 611 2986 in
630 2928 753 3005 longum
773 2940 874 2988 tamen
894 2947 999 2988 aevum

138 3030 309 3082 manserunt
328 3020 477 3099 hodieque
498 3033 621 3083 manent
640 3022 764 3100 vestigia
782 3023 863 3084 ruris.
979 3025 1038 3083 160

139 3118 226 3176 Serus
246 3115 327 3177 enim
347 3116 469 3178 Graecis
488 3118 623 3178 admovit
642 3119 781 3179 acumina
800 3117 908 3178 chartis

140 3221 258 3293 etpost
278 3210 392 3271 Punica
411 3213 489 3272 bella
507 3213 624 3290 quietus
645 3233 785 3292 quaerere
803 3214 906 3293 coepit

290 3338 344 3388 145.
376 3325 478 3375 inventa
493 3327 596 3378 oOMK
614 3346 622 3381 ι
637 3328 734 3380 invecta
750 3329 781 3379 B.
