2309 3684
114 196 162 256 10'
283 199 464 261 HORATI
482 200 818 261 EPISTULARUM
856 197 911 281 [II.
927 203 1007 279 69-

116 349 184 424 Quo
205 349 296 408 semel
316 359 361 409 est
381 347 497 408 imbuto
516 367 620 408 recens
642 345 774 408 servabit·
789 348 914 409 odorem

114 457 190 506 testa
210 445 281 506 diu.⁴
312 443 430 520 Quodsi
447 464 547 516 cessas
565 456 620 505 aut
640 456 776 505 strenuus
796 444 901 518 anteis,
969 463 1005 523 70

113 563 169 605 nec
190 544 307 605 tardum
327 543 466 621 opperior
486 562 543 603 nec
562 541 809 620 praecedentibus
833 541 919 602 insto.
944 550 946 555 '

528 820 588 878 IIL

116 950 174 1010 Iuli
195 952 288 1023 Flore,
311 949 418 1028 quibus
439 960 580 1011 terrarum
601 948 708 1011 militet
727 946 785 1013 oris
937 936 938 941 ἵ

116 1049 255 1110 Claudius
277 1047 402 1142 Augusti
421 1047 578 1125 privignus,
600 1048 674 1109 seire
694 1050 806 1110 laboro.
874 1108 877 1118 Ι

114 1135 269 1205 Thracane
288 1163 342 1204 vos
364 1145 543 1222 Hebrusque
563 1144 654 1209 nivali
673 1148 821 1235 compede
842 1130 965 1219 vinctus,

115 1264 153 1304 an
174 1246 247 1304 freta
265 1242 378 1303 vicinas
397 1241 475 1303 inter
494 1243 642 1302 currentia
661 1253 764 1317 turres,

114 1361 153 1401 an
173 1340 297 1418 pingues
317 1339 407 1399 Asiae
427 1337 527 1415 campi
546 1339 697 1416 collesque
717 1342 890 1400 morantur?
988 1357 1005 1416 5

116 1438 197 1513 Quid
206 1437 337 1498 studiosa
344 1438 450 1496 cohors
459 1455 583 1513 operum
591 1436 698 1497 struit?
717 1438 788 1495 Hoc
796 1454 915 1512 quoque
925 1454 1004 1495 curo.

116 1535 189 1612 Quis
209 1534 265 1595 sibi
284 1553 331 1594 res
351 1543 448 1610 gestas
468 1533 594 1610 Augusti
614 1532 740 1611 scribere
760 1532 871 1592 sumit?

115 1634 197 1692 Bella
217 1631 283 1709 quis
303 1641 334 1691 et
353 1649 441 1707 paces
462 1631 585 1707 longum
606 1628 745 1690 diffundit
764 1630 796 1688 in
815 1633 943 1689 aevum?

116 1728 197 1805 Quid
216 1727 321 1802 Titius,
343 1729 483 1788 Romana
501 1727 584 1787 brevi
603 1737 744 1805 venturus
764 1724 796 1785 in
816 1728 890 1793 ora?
968 1796 973 1806 ¹

116 1826 264 1889 Pindarici
283 1825 373 1887 fontis
393 1824 444 1903 qui
464 1844 526 1885 non
546 1823 686 1902 expalluit
706 1825 836 1896 haustus,
971 1844 1007 1883 10
1083 1894 1089 1912 x

115 1925 243 1986 fastidire
263 1925 344 1984 lacus
364 1934 394 1984 et
413 1921 491 1983 rivos
511 1941 601 1982 ausus
621 1933 746 1999 apertos

101 2022 161 2086 'Ut
179 2024 279 2083 valet?
319 2022 372 2080 Ut
384 2018 519 2080 meminit
539 2017 654 2079 nostri?
694 2016 857 2078 Fidibusne
877 2015 995 2109 Latinis

116 2123 275 2182 Thebanos
295 2129 396 2196 aptare
415 2118 523 2177 modos
544 2117 645 2176 studet
664 2114 784 2193 auspice
805 2117 904 2188 Musa,

116 2240 155 2280 an
176 2217 285 2295 tragica
304 2214 435 2277 desaevit
455 2224 484 2274 et
504 2190 709 2290 ampullatur
701 2233 733 2272 m
752 2214 837 2273 arte?

118 2315 200 2392 Quid
227 2312 299 2374 mihi
325 2314 429 2374 Celsus
457 2309 540 2389 agit?
574 2308 705 2369 monitus
734 2310 920 2386 multumque
948 2326 1010 2367 mo

197 2414 323 2485 naudus,
973 2423 1007 2482 15

117 2513 211 2591 privat
213 2531 245 2571 as
264 2522 297 2570 ut
311 2517 438 2605 quaerat
459 2525 532 2584 opes
553 2516 584 2566 et
604 2516 724 2581 tangere
743 2503 815 2566 vitet

118 2611 226 2688 scripta
247 2578 409 2713 Politinus
417 2621 622 2682 quaecumque
642 2601 755 2680 recepit
774 2602 893 2679 Apollo,

119 2729 164 2782 ne,
187 2706 212 2767 si
276 2718 305 2765 te
326 2692 409 2763 suas
414 2701 572 2779 repetitum
592 2698 705 2759 venerit
726 2697 797 2759 olim

118 2826 188 2882 grex
207 2802 305 2863 avium
324 2803 449 2878 plumas,
470 2807 590 2858 moveat
611 2792 802 2856 cornicula
779 2812 870 2854 nsum

118 2901 230 2961 furtivis
249 2899 362 2959 nudata
381 2893 538 2955 coloribus.
582 2894 652 2969 Ipse
673 2889 746 2968 quid
767 2890 882 2950 audes?
965 2906 1011 2950 ,20

120 3000 205 3072 Quae
224 2992 440 3055 circumvolitas
460 2983 543 3067 agilis
563 2989 688 3066 thyma?
722 2989 795 3047 Non
814 2984 869 3047 tibi
889 3004 1012 3062 parvum

119 3093 279 3170 ingenium,
299 3109 362 3150 non
382 3088 526 3147 incultum
547 3095 592 3146 est
612 3074 643 3144 e't
662 3082 785 3159 turpiter
804 3082 927 3165 hirtum:

167 3248 276 3306 111.-4.
310 3252 391 3301 turres
412 3249 435 3295 s
456 3242 552 3295 OKM:
574 3247 654 3290 terras
674 3238 730 3290 VB.
839 3251 878 3287 aa.
912 3243 935 3286 et
955 3236 1014 3300 αβγ’

121 3329 241 3381 BOKMr
262 3341 305 3377 nec
314 3323 354 3389 γ’.
