2309 3684
24 206 25 211 ι
118 201 154 257 32
260 183 444 244 Horrrr
463 181 799 243 EPISTULARUM
816 177 913 262 [xvr
930 196 1010 258 55-
1052 143 1059 149 ’

116 329 195 387 Nam
216 320 256 388 de
274 326 356 388 mille
339 286 523 387 iibaev
481 326 589 387 modiis
609 346 677 386 cum
699 292 817 403 sirrripis
837 345 938 399 unum,
970 342 1007 404 55

116 399 333 496 damnoniist,
354 442 416 483 non
436 398 558 497 facinus,
580 422 653 482 mihi
673 433 762 499 pacto
783 421 880 483 lenius
900 422 965 482 isto

114 520 169 579 Vir
189 520 295 593 bonuS,
318 538 409 581 omne
428 520 523 580 sorum
548 538 638 598 quem
659 531 772 597 spectat
796 531 826 580 et
849 539 938 581 omne
962 516 1010 579 tri·

115 661 399 838 quairpopirrirqui
382 684 575 775 deosivel
524 728 652 790 ¹·porco
610 645 702 774 ivel
722 679 802 775 bive
819 715 926 799 placat,

117 816 210 872 ‘Iane
229 794 329 888 pater'
350 811 437 885 clare,
459 811 537 870 clare
557 830 627 870 cum
647 810 722 871 dixit
743 812 888 888 ‘Apollo’

115 911 197 970 labra
217 919 317 969 movet
336 918 472 968 metuens
492 906 588 967 audiri
608 907 748 985 ‘pulchra
768 909 912 982 Larem,
968 909 1008 966 60

115 1007 155 1066 da
175 1004 248 1064 mihi
266 994 375 1077 fallere,
397 1002 464 1064 da
456 1015 534 1063 rusto
554 1015 718 1080 sanctoque
736 1003 839 1077 videri,

115 1111 234 1163 noctem
254 1099 385 1177 peccetis
404 1110 435 1161 et
453 1099 604 1161 fraudibus
624 1101 711 1162 obice
730 1101 862 1162 nubem?

116 1199 177 1275 Qui
196 1198 301 1260 melior
320 1217 413 1270 serv0,
434 1197 487 1274 qui
506 1197 625 1258 liberior
644 1176 681 1258 sit
699 1218 811 1272 avarus,
825 1246 880 1276 f

114 1295 146 1355 in
167 1293 257 1355 triviis
276 1295 367 1353 fixum
388 1312 456 1353 cum
478 1311 509 1352 se
494 1280 659 1353 ‘demittit
677 1280 719 1354 bb
740 1312 846 1366 assem,

114 1410 177 1452 non
188 1390 284 1451 video
315 1392 395 1449 Nam
409 1388 472 1474 qui
473 1388 585 1501 cupiet,
595 1372 707 1451 metuet
720 1371 841 1467 qudque
838 1339 863 1451 ri
869 1409 957 1468 porro
967 1393 1005 1470 65

113 1487 166 1564 qui
185 1497 321 1547 metuens
339 1481 427 1558 vrvet,
449 1477 523 1546 liber
541 1463 615 1545 mihi
634 1505 696 1547 non
717 1486 772 1547 erit
791 1506 941 1580 umquam

113 1582 246 1644 Perdidit
265 1568 354 1655 armai,
375 1563 475 1642 locum
495 1567 609 1642 virtutis
630 1552 766 1691 deseruit,
787 1583 916 1661 qui

113 1697 231 1755 semper
250 1677 282 1737 in
302 1678 438 1755 augendi
456 1646 626 1743 festinatiiit
638 1653 778 1740 obruitur
797 1697 836 1740 re
896 1708 942 1725 ν

113 1775 251 1836 Vendere
270 1794 339 1834 cum
359 1773 455 1851 possis
475 1756 790 1890 captivpmmerdire
811 1774 886 1836 noli:

113 1871 220 1932 serviet
237 1870 362 1997 ptiliter:
382 1870 447 1932 sine
466 1882 568 1948 pascat
589 1851 715 1932 dfirris
700 1884 831 1948 aretque,
917 1866 956 1945 Χ
968 1889 1005 1948 70

113 1950 245 2045 naviget
250 1987 286 2028 ac
306 1968 412 2029 mediis
431 1968 543 2030 hiemet
563 1968 759 2031 mercatorio
779 1968 877 2042 undis,

112 2085 250 2126 annonae
269 2062 372 2142 prosit,
393 2077 493 2143 portet
512 2067 659 2128 frumenta
678 2085 840 2144 penusque.

112 2161 166 2221 Vir
185 2162 282 2222 bonus
302 2174 332 2222 et
352 2163 471 2240 sapiens
490 2162 614 2224 audebit
634 2161 732 2222 dicere
754 2163 915 2235 ‘Pentheu,

112 2269 209 2320 rector
227 2260 407 2332 Thebarum,
430 2259 510 2368 quid
523 2277 572 2320 me
592 2236 719 2369 perfe'rre
739 2257 860 2335 patique

42 2383 52 2398 ··
112 2355 268 2433 indignum
288 2355 414 2434 coges?'
435 2323 646 2418 ιᾸιιῖιιιιιιι
610 2357 707 2417 bona!
753 2342 884 2431 ‘Nempe
904 2340 1005 2432 pecus,
1020 2374 1113 2425 »εγω

191 2470 264 2526 rem,
967 2468 1004 2529 75

112 2553 214 2624 lectos,
235 2560 397 2627 argentum.
439 2543 542 2609 Tollas
562 2531 619 2610 hed
620 2549 651 2609 t’
692 2549 748 2608 ‘In
768 2518 892 2609 mininis
911 2561 942 2610 et

112 2646 306 2723 compedibus
327 2664 415 2706 saevo
434 2655 465 2706 te
486 2647 541 2706 sub
561 2635 686 2706 custodi
705 2646 833 2707 tenebo!

113 2748 202 2824 ‘Ipse
224 2732 317 2816 deus,
316 2732 410 2802 simul
431 2753 521 2820 atque
542 2744 651 2816 volam,
666 2761 715 2802 me
737 2744 850 2804 solvet!
890 2742 1007 2821 Opinor
1147 2732 1151 2900 Ι

111 2842 170 2902 hoc
190 2840 318 2914 sentit,‘
326 2839 450 2901 moriar’
490 2841 575 2899 Mors
595 2838 700 2899 ultima
717 2822 847 2899 liirea
814 2850 1049 2927 remit-est*—

161 3052 202 3103 61.
235 3053 297 3103 iusto
317 3057 446 3114 sanctoque
467 3057 491 3101 s·
513 3051 634 3103 BOKM:
667 3052 761 3101 r'ustum
787 3058 946 3117 samiumqra
973 3059 1004 3104 f.

113 3130 152 3181 66.
187 3133 251 3180 vivet
272 3129 297 3180 ω’
318 3131 416 3183 OKM:
437 3132 505 3181 vivit
525 3132 555 3182 Β.
622 3148 661 3197 7²·
687 3140 817 3199 penusque
837 3131 863 3184 ω’
884 3134 1005 3186 ΒΟΚΜι

103 3219 256 3278 penemque.
