2309 3684
142 196 184 254 11.
203 190 264 273 25]
489 196 627 255 LIBER
642 196 699 277 ‚ra

320 532 362 558 N

570 566 612 626 ΙΙ.

144 722 239 794 Flore,
260 722 344 782 bono
365 722 505 797 claroque
525 720 622 781 fidelis
642 716 737 781 amice
758 718 879 796 Neroni,

143 819 234 896 siquis
253 821 329 879 forte
350 820 421 879 velit
441 838 566 895 puerum
588 817 649 891 tibi,
661 818 790 878 vendere
811 828 914 877 natum

143 916 255 976 Tibure
274 919 322 976 vel
343 915 447 977 Gabiis
468 926 498 977 et
518 926 619 975 tecum
640 915 682 975 sic
703 927 778 999 agat,
802 914 867 973 ‘hic
888 926 918 973 et

142 1011 288 1072 candidus
309 1023 340 1072 et
360 1014 437 1072 talos
457 1032 476 1071 a
495 1011 604 1072 vertice
625 1013 750 1088 pulcher
768 1011 808 1071 ad
829 1003 906 1070 imos

142 1112 195 1170 fiet
214 1110 329 1187 eritque
350 1121 419 1169 tuus
439 1129 629 1196 nummorum
651 1095 770 1170 milibus
791 1122 871 1184 octo,
1025 1127 1041 1186 5

141 1226 233 1267 verna
252 1206 422 1267 ministeriis
442 1209 481 1267 ad
502 1219 592 1268 nutus
612 1218 702 1284 aptus
721 1206 809 1282 erilis,

141 1302 277 1364 littenrlis
298 1303 419 1364 Graecis
439 1303 581 1377 imbutus,
603 1303 729 1364 idoneus
749 1301 805 1363 arti

142 1401 273 1477 cuilibet,
296 1401 399 1481 argilla
418 1400 535 1479 quidvis
555 1399 717 1462 imitaberis
737 1403 815 1477 uda3

142 1495 217 1573 quin
237 1496 327 1558 etiam
348 1507 436 1557 canet
454 1496 610 1557 indoctum
630 1498 684 1558 sed
705 1499 793 1559 dulce
813 1495 935 1559 bibenti.

142 1595 244 1654 Multa
263 1595 355 1653 fidem
375 1592 521 1671 promissa
540 1595 641 1655 levant
661 1593 713 1655 ubi
732 1593 848 1673 plenius
868 1613 965 1671 aequo
1008 1614 1043 1652 10

142 1692 246 1752 laudat
265 1690 379 1752 venalis
399 1692 450 1778 qui
470 1694 534 1753 volt
553 1693 709 1753 extrudere
729 1712 852 1754 merces.

142 1791 206 1849 Res
226 1798 332 1865 urguet
351 1808 401 1848 me
421 1789 504 1848 nulla
511 1810 520 1863 3
540 1808 610 1849 meo
632 1808 698 1849 sum
718 1809 833 1866 pauper
853 1788 885 1850 in
904 1810 984 1850 aere.

143 1888 245 1946 Nemo
263 1888 322 1947 hoc
342 1906 524 1963 mangonum
537 1888 648 1948 faceret
665 1887 735 1948 tibi:
757 1906 820 1948 non
832 1898 943 1949 temere
959 1908 978 1948 a
996 1909 1044 1949 me

143 1982 240 2059 quivis
261 1986 349 2044 ferret
368 1983 458 2047 idem.
500 1987 599 2046 Semel
618 1984 671 2045 hic
688 1984 814 2046 cessavit
835 1997 874 2059 et,
894 1997 927 2046 ut
948 1988 990 2061 fit,

143 2080 175 2139 in
194 2079 282 2141 scalis
303 2080 389 2142 latuit
410 2094 545 2142 metuens
566 2082 727 2158 pendentis
747 2083 901 2144 habenae:
1008 2102 1042 2160 15

143 2178 197 2237 des
217 2197 368 2254 nummos,
390 2190 515 2257 excepta
535 2178 610 2240 nihil
630 2190 660 2240 te
680 2177 705 2239 si
725 2180 795 2257 suga
814 2180 906 2241 laedit
917 2180 933 2242 ι’

143 2276 192 2337 ille
212 2278 287 2337 ierat
305 2275 432 2353 pretium
453 2296 570 2353 poenae
591 2295 720 2348 securus,
743 2275 858 2353 opinor.

143 2374 280 2433 Prudens
302 2372 401 2433 emisti
422 2372 580 2449 vitiosum;
602 2374 684 2434 dicta
703 2372 759 2434 tibi
778 2385 825 2436 est
844 2376 910 2434 lex:
994 2424 996 2432 ,

142 2468 306 2547 insequeris
325 2480 427 2530 tamen
446 2472 527 2529 hunc
546 2482 578 2530 et
596 2470 649 2531 lite
669 2470 791 2531 moraris
811 2469 921 2549 iniqua

143 2564 215 2625 Dixi
235 2584 284 2626 me
304 2564 421 2642 pigrum
440 2565 639 2644 proficiscenti
659 2566 722 2641 tibi,
744 2549 805 2627 dixi
1005 2590 1042 2627 20

142 2663 252 2723 talibus
272 2663 377 2723 officiis
397 2682 493 2740 prope
513 2683 662 2737 mancum,
684 2683 723 2723 ne
744 2683 811 2725 mea
831 2683 935 2725 saevus

142 2759 272 2838 iurgares
293 2761 333 2819 ad
354 2771 384 2820 te
405 2761 488 2837 quod
508 2760 636 2838 epistula
656 2762 738 2821 nulla
757 2760 871 2824 rediret

143 2856 226 2933 Quid
246 2867 310 2917 tum
330 2858 452 2935 profeci,
473 2879 594 2920 mecum
613 2859 752 2921 facientia
771 2858 835 2920 iura

142 2955 169 3015 si
187 2964 290 3015 nmen
309 2960 491 3034 attemptas?
511 2958 650 3034 Quereris
667 2978 755 3036 super
771 2960 831 3019 hoe
847 2955 944 3032 etiam,
960 2960 1043 3035 quod

142 3061 315 3128 exspectata
335 3051 389 3112 tibi
408 3072 471 3113 non
491 3055 609 3115 mittam
629 3053 762 3114 carmina
782 3055 918 3114 mendarc
1006 3077 1020 3113 2
1025 3075 1041 3133 5

190 3196 215 3245 8.
247 3196 385 3245 imitaberis
395 3198 532 3261 αβΒΟΜΚ
553 3198 752 3264 similabitur!
768 3212 777 3249 t
794 3197 956 3251 imitabimur
964 3199 1003 3263 7⁰.

145 3273 183 3325 16.
215 3276 292 3325 laedit
302 3277 371 3326 vBM
387 3291 395 3327 z
411 3279 494 3329 laedat
503 3278 589 3331 olOK.
733 3295 774 3330 aa.
807 3281 898 3330 rediret
910 3280 1043 3333 o'OlllK:

142 3356 236 3405 verrirct
247 3357 278 3406 13.
